2540 4282
58 91 98 126 ς’
124 90 161 117 ’,Α
403 77 558 120 Sermo
586 76 768 119 babitus
799 77 856 118 ab
887 75 1096 129 Archiep.
1128 76 1351 117 Iconiensi
1381 76 1410 116 i.
1440 88 1484 129 p.
1515 77 1544 116 i.
1574 74 2073 117 Puecher-Passavalli
2321 65 2410 116 147

54 212 322 310 fflamque
359 237 547 272 revera
584 236 719 289 opus
757 223 895 271 esset
931 223 1025 271 aut
1062 235 1354 287 numquam
1402 216 1676 284 didicisse,
1716 215 1845 287 quid
1884 215 2065 268 missio
2108 215 2306 270 Christi
2341 215 2411 268 si-

23 289 317 387 zt'gnificet,
368 312 420 358 et
455 306 511 357 in
549 322 653 375 quo
693 322 751 358 se
797 309 950 375 gerat
998 304 1224 357 sublime
1276 304 1647 374 episcoporum
1698 302 2036 371 mandatum;
2090 306 2208 370 aut,
2264 301 2407 372 quod

112 395 290 459 mnino
317 392 638 464 probrosum
676 396 840 458 esset,
877 391 1091 460 penitus
1115 390 1388 458 ignorare,
1429 393 1559 458 quot
1583 389 1902 459 quantisque
1933 344 2086 441 malis
2111 388 2406 441 humanum

90 487 118 498 ‘'
150 498 249 534 nus
289 479 572 545 obruatur,
623 482 682 529 ut
721 478 838 547 quis
876 481 1132 545 nequeat,
1177 476 1233 527 in
1270 474 1638 546 perfungendo
1677 475 1780 527 hoc
1814 491 2063 542 munere,
2112 474 2201 528 vel
2236 475 2408 544 primo

22 578 61 611 ἰ
49 567 294 670 Σῖζῠῑιιιιιιι,
350 565 676 635 perspicere,
731 562 924 633 quibus
958 562 1208 631 periculis
1259 561 1559 632 quibusque
1599 561 2104 615 contradictionibus
2142 560 2408 613 obnoxius

3 669 25 719 „²
49 646 191 713 ‘esse
229 652 448 720 debeat,
498 655 591 703 aut
630 649 898 719 quomodo
936 647 1069 701 felix
1106 648 1283 700 exitus
1321 649 1526 718 sperari
1564 666 1672 701 non
1709 650 1901 719 possit,
1954 648 2055 701 nisi
2103 647 2282 701 animo
2331 647 2405 700 ita

20 751 22 809 j
50 727 160 815 seit
178 743 540 809 comparatus,
580 737 750 806 qualis
790 741 904 788 erat
940 734 1142 788 Doctor
1179 733 1447 803 gentium,
1488 734 1579 803 qui
1617 732 1685 785 de
1723 751 1779 785 se
1816 734 1994 803 palam
2031 733 2411 804 profitebatur:

0 819 62 914 Ξ
51 826 352 912 {Adimpleo
404 841 495 891 ea
544 839 678 891 quae
732 826 922 876 desunt
963 825 1275 889 passionum
1321 819 1535 885 Christi,
1589 823 1644 872 in
1682 835 1844 872 carne
1895 835 2014 872 mea
2051 835 2149 887 pro
2187 836 2407 889 corpore

44 916 221 982 eius
261 913 396 978 quod
435 916 515 962 est
548 909 800 963 Ecclesia
839 905 1063 974 (Coloss
1107 908 1151 973 1,
1192 906 1299 972 24.)

217 996 324 1049 Sed
362 996 547 1062 facite,
592 995 783 1047 Patres
829 993 1165 1063 amplissimi,
1215 992 1391 1044 animo
1440 989 1566 1042 forti
1615 1007 1918 1061 magnoque
1966 991 2094 1044 sitis.
2169 991 2227 1046 Si
2265 992 2407 1044 enim

47 1084 179 1142 ’,1)θί
230 1099 445 1152 prorsus
498 1099 750 1133 arcanum
801 1085 881 1133 est
930 1079 1239 1145 consilium,
1294 1084 1354 1130 ut
1406 1077 1692 1148 mysticum
1742 1078 2084 1146 evangelicae
2134 1078 2409 1132 doctrinae

0 1156 46 1226 l·
48 1180 253 1224 ‘semen
290 1173 524 1239 nequeat
568 1168 869 1237 germinare
907 1168 995 1219 vel
1032 1182 1285 1232 crescere,
1324 1169 1418 1217 aut
1454 1163 1723 1217 frondium
1760 1163 2158 1234 pulchritudine
2195 1165 2411 1217 florum-

47 1273 178 1342 'que
215 1256 418 1309 laetitia
456 1255 664 1324 viger,e
712 1253 813 1305 nisi
863 1269 926 1304 ea
965 1251 1291 1317 conditione,
1343 1256 1404 1303 ut
1453 1251 1688 1303 virorum
1736 1250 2151 1320 apostolicorum
2188 1252 2318 1303 fletu
2355 1254 2409 1304 et

0 1324 332 1427 {sanguine
383 1341 597 1394 assidue
635 1339 906 1392 madescat
946 1343 1108 1407 atque
1147 1338 1423 1407 irrigetur,
1472 1337 1639 1407 ipsius
1677 1336 1781 1389 Dei
1829 1342 1908 1388 est
1946 1337 2108 1389 etiam
2145 1337 2408 1406 voluntas,

33 1408 134 1494 ,ιιι
170 1445 260 1482 eas
295 1429 574 1497 lacrymas,
614 1443 751 1496 quae
775 1425 1016 1494 justitiae
1039 1442 1102 1477 ac
1126 1424 1366 1478 veritatis
1392 1441 1520 1494 ergo
1548 1423 1920 1490 effunduntur,
1955 1423 2075 1493 piae
2105 1441 2167 1476 ac
2194 1429 2409 1477 sanctae

52 1512 458 1569 consolationes
497 1531 525 1565 e
563 1513 708 1566 caelo
749 1511 982 1564 ubertim
1021 1515 1329 1581 repensent,
1380 1527 1501 1562 cum
1549 1511 1805 1581 scriptum
1856 1510 1953 1563 sit:
2002 1511 2157 1565 Beati
2195 1515 2282 1579 qui
2319 1515 2413 1566 lu-

29 1584 216 1684 {fluent
266 1606 513 1668 quoniam
565 1605 670 1667 ipsi
719 1600 1165 1653 consolabuntur!
1202 1596 1415 1665 (Matth.
1454 1596 1522 1664 V,
1563 1597 1633 1663 5.)
1707 1595 1848 1649 Nam
1885 1597 1930 1648 si
1983 1596 2050 1649 de
2088 1597 2285 1651 Christi
2335 1597 2412 1650 di-

0 1752 2 1755 ,
38 1718 51 1747 ,ι
50 1688 290 1758 scipulis
329 1686 502 1757 deque
542 1687 764 1739 caeteris
790 1685 1074 1755 Evangelii
1099 1682 1454 1754 praeconibus
1487 1682 1687 1734 dictum
1725 1686 1829 1750 est,
1869 1681 2012 1752 quod
2054 1691 2233 1738 euntes
2267 1686 2415 1738 ibant

27 1766 130 1837 ,let
158 1774 354 1843 flebant
388 1778 644 1826 mittentes
688 1776 894 1825 semina
943 1788 1065 1838 sua
1114 1787 1285 1840 aeque
1336 1769 1403 1821 de
1439 1769 1631 1822 iisdem
1669 1770 1937 1840 prolatum
1970 1775 2075 1838 est,
2131 1770 2276 1840 quod
2312 1788 2410 1825 ve-

23 1844 280 1915 &aientes
317 1864 527 1913 venient
560 1876 676 1913 cum
704 1860 1021 1911 ewultatione
1042 1863 1315 1924 portantes
1341 1859 1641 1924 manipulos
1665 1873 1800 1910 suos
1877 1857 1948 1909 Et
1987 1858 2030 1909 si
2068 1857 2202 1911 haec
2241 1859 2410 1911 altera

23 1928 511 2038 {propheticorum
532 1945 820 1997 verborum
845 1961 995 2014 pars,
1025 1943 1139 2012 jam
1164 1942 1232 1994 ab
1265 1942 1415 1994 initio
1444 1942 1746 2010 Ecclesiae,
1774 1948 1834 1994 ut
1878 1943 2125 2012 vidimuS,
2163 1945 2410 1999 effectum

0 2045 4 2071 ῑ
51 2040 232 2086 ‘suum
267 2029 573 2103 plenissime
612 2036 691 2084 est
730 2032 943 2097 sortita,
983 2030 1117 2083 adeo
1158 2035 1218 2082 ut
1255 2029 1489 2082 scribere
1526 2030 1763 2099 potuerit
1788 2029 2103 2100 Apostolus:
2152 2031 2411 2097 Quoniam
2483 2093 2486 2095 A

32 2118 36 2183 j
80 2123 214 2174 sicul
251 2120 518 2172 abundant
549 2123 828 2185 passiones
860 2119 1052 2171 Christi
1088 2121 1143 2170 in
1181 2117 1358 2183 nobis,
1395 2121 1470 2169 ita
1509 2122 1560 2169 et
1594 2132 1688 2183 per
1717 2118 1980 2171 Christum
2018 2119 2255 2172 abundat
2277 2135 2410 2173 con-

75 2207 268 2258 solatio
306 2212 489 2257 nostra
524 2204 619 2270 (ΙΙ.
658 2203 778 2256 Cor.
821 2207 868 2271 1,
908 2204 995 2270 5.),
1035 2203 1266 2257 eundem
1316 2203 1563 2256 effectum
1614 2208 1666 2255 et
1707 2203 1875 2256 Vobis
1924 2205 2257 2274 propositum
2296 2221 2411 2257 esse

24 2296 253 2368 patet
310 2291 599 2343 dummodo
654 2291 841 2344 eodem
887 2308 948 2344 ac
990 2296 1292 2343 vestrorum
1340 2289 1813 2359 praedecessorum
1851 2290 2044 2360 spiritu
2080 2290 2212 2343 moti
2249 2291 2411 2343 sacris

39 2395 267 2431 -eorum
306 2378 546 2448 vestigiis
582 2378 849 2448 intrepide
885 2378 1237 2444 inhaereatiS,
1278 2381 1524 2441 scientes
1563 2377 1720 2442 quod
1760 2380 1896 2428 sicut
1930 2381 2062 2431 socii
2098 2381 2411 2444 passionum

30 2478 31 2481 ’
76 2469 234 2531 estis
267 2470 344 2518 sic
384 2470 530 2518 eritis
571 2472 622 2517 et
656 2467 1072 2518 consolationum
1108 2418 1259 2530 (ibid.
1300 2480 1350 2514 v.
1389 2462 1463 2531 7).

36 2610 43 2614 ,
220 2550 290 2603 Et
330 2550 473 2620 quod
521 2568 710 2619 reapse
757 2551 1139 2620 amplissimam
1187 2566 1257 2600 ex
1307 2549 1502 2600 nostris
1551 2547 1825 2600 laboribus
1874 2547 2175 2602 mercedem
2204 2549 2319 2617 jam
2356 2549 2413 2602 in

74 2636 177 2690 hac
216 2638 326 2689 vita
364 2638 528 2689 simus
568 2637 929 2703 consecuturi,
983 2641 1148 2706 utque
1196 2635 1384 2704 ingens
1435 2638 1712 2703 praeterea
1764 2652 1860 2686 nos
1898 2640 2112 2687 maneat
2163 2634 2218 2687 in
2253 2635 2414 2688 caelis

76 2725 374 2795 praemium
412 2742 443 2776 a
469 2723 614 2790 Deo,
653 2724 832 2776 velex
869 2723 1010 2792 ipsc,
1050 2721 1193 2791 quod
1232 2739 1372 2773 nunc
1394 2721 1548 2774 nobis
1575 2720 1820 2788 offertur,
1861 2722 2084 2792 pignore
2123 2722 2412 2783 clarissime

22 2824 43 2844 ·-
80 2810 370 2877 evincitur3
420 2810 620 2861 scilicet
667 2827 737 2862 ex
788 2807 947 2860 modo
996 2825 1122 2860 vere
1169 2808 1440 2875 mirandO,
1492 2826 1596 2877 quo
1645 2809 1765 2878 cogi
1815 2809 1990 2878 potuit
2039 2809 2274 2862 solemne
2311 2809 2411 2862 hoc

42 2896 243 2953 <totius
282 2895 681 2948 christianitatis
719 2895 945 2947 Patrum
982 2893 1294 2947 Concilium.
1370 2895 1502 2956 Quis
1541 2896 1682 2947 enim
1732 2914 1838 2947 non
1875 2895 2045 2963 videt,
2095 2896 2273 2948 Deum
2311 2897 2412 2949 hoc

35 2980 41 2997 ⁸
77 2981 246 3047 facto,
285 2988 394 3034 tam
432 2981 675 3034 felicibus
712 2982 959 3051 auspiciis
997 2982 1136 3034 inter
1163 2982 1476 3051 omnigenas
1504 2981 1843 3034 difficultates
1882 2982 2142 3052 incoept0,
2181 2982 2413 3036 voluisse

30 3062 43 3117 ξ
79 3068 433 3120 certissimum
484 3066 639 3119 nobis
684 3066 940 3120 indicium
992 3068 1251 3138 praebere
1290 3086 1502 3137 eorum,
1557 3086 1694 3138 quae
1743 3070 1797 3119 in
1837 3074 2108 3138 posterum
2146 3067 2411 3138 speranda

21 3148 428 3223 51..00ncipimus,
468 3152 625 3204 modo
664 3169 761 3204 nos
798 3153 900 3222 ipsi
937 3154 1176 3206 veritatis
1215 3173 1277 3207 ac
1310 3154 1549 3222 justitiae
1587 3155 1820 3221 flumini,
1871 3154 2014 3224 quod
2063 3172 2091 3206 e
2130 3172 2263 3224 rupe
2302 3153 2411 3207 Va-

21 3222 254 3316 {ificana
301 3257 430 3292 mox
478 3256 849 3309 processurum
888 3245 992 3307 est,
1046 3240 1427 3310 impedimento
1478 3259 1585 3293 non
1624 3242 1823 3293 simus?
1899 3241 2080 3310 Atque
2119 3241 2243 3293 hinc
2279 3241 2410 3292 mihi

17 3380 26 3397 h
68 3322 268 3392 liceat,
309 3343 533 3395 quaeSO,
572 3324 824 3378 sublimes
862 3325 1039 3378 Patris
1091 3344 1150 3378 ac
1187 3327 1418 3378 filiorum
1458 3326 1667 3380 dolores
1716 3344 1824 3379 non
1861 3326 1974 3379 sine
2012 3326 2223 3396 pietatis
2254 3343 2413 3379 sensu

82 3411 236 3476 vobis
275 3428 706 3464 commemorare.

18 3487 30 3494 ”
223 3497 335 3550 Nos
374 3497 636 3567 siquidem
674 3496 740 3549 ad
773 3514 978 3550 sacram
1004 3498 1253 3550 Vaticani
1291 3497 1537 3550 umbram
1569 3498 1719 3566 quasi
1756 3497 2001 3567 perfugio
2027 3499 2228 3569 recepti
2254 3499 2410 3552 mira-

81 3581 270 3635 bamur
309 3584 619 3651 immensas,
659 3600 790 3653 quas
829 3584 1051 3636 Satanas
1088 3585 1196 3636 late
1236 3601 1296 3636 ac
1331 3583 1664 3653 rapidissime
1688 3583 1869 3636 ruinas
1909 3584 2047 3637 circa
2084 3602 2180 3638 nos
2218 3599 2411 3655 conge⁴

16 3652 42 3734 *ζ
81 3667 263 3737 rebat,
314 3669 639 3721 mirabamur
690 3669 1173 3723 turbulentissimos
1210 3671 1500 3741 impietatis
1551 3671 1744 3721 fluctus
1809 3670 2045 3740 quotidie
2108 3673 2279 3742 magis
2330 3673 2409 3725 in-

17 3769 40 3827 ²}
81 3769 345 3822 crescere,
392 3760 552 3824 atque
601 3755 725 3807 huic
773 3755 876 3825 ipsi
923 3742 1069 3825 pacis
1121 3756 1268 3826 asylo
1307 3756 1524 3824 minari,
1572 3755 1768 3826 trepidi
1818 3757 2043 3827 proinde
2098 3775 2280 3811 omnes
2316 3776 2408 3829 ge-

20 3852 44 3906 'J
85 3844 395 3910 mentesque
433 3846 487 3894 et
523 3842 725 3911 pallore
764 3841 991 3895 confecti
1027 3841 1448 3908 arbitrabamur,
1484 3829 1582 3893 flos
1620 3859 1858 3912 quoque,
1906 3843 2185 3897 confractis
2223 3845 2410 3914 templi

83 3925 368 3978 ruderibus
431 3927 750 3995 assidenteS,
809 3926 1056 3999 spiritum
1105 3928 1327 3997 jamjam
1386 3926 1729 3980 exhalaturos
1791 3946 1906 3982 esse
1955 3948 2018 3983 ea
2079 3930 2418 3990 lamentabili,>

1886 4019 1937 4058 10
1955 4016 1978 4040 ’Ψ
