2540 4282
818 114 1088 157 Constitutio
1120 114 1325 185 Gregorii
1364 114 1456 155 PP.
1487 87 1602 155 XVss
1853 144 1859 150 .
2294 102 2381 154 107

0 261 131 336 {squi
162 259 452 309 scribendus
501 263 632 307 esset
679 259 721 307 si
772 259 835 307 ad
887 274 999 306 eum
1046 258 1188 306 fieret
1233 271 1485 318 accessuS,
1537 250 1752 304 scribere
1800 253 2063 302 ΝΕΜΙΝΙ.
2133 214 2381 304 schedula

0 326 12 402 J}
48 338 210 393 intem
245 353 472 387 accessus
508 338 657 386 scribi
691 340 739 386 et
773 338 1028 400 obsignari
1060 337 1211 385 debet
1245 353 1358 384 cum
1392 335 1578 384 eisdem
1612 335 1786 398 sigillis
1832 337 1882 382 et
1925 334 2080 396 signis
2115 333 2382 382 schedulae

0 417 281 483 chutmu,
318 417 411 465 sub
447 432 610 480 poena
642 417 886 478 nullitatis
918 415 1144 478 suffragii
1176 415 1332 478 ipsius
1368 430 1615 477 accessus.
1683 415 1875 476 Tertio,
1912 413 2046 490 quod
2078 428 2181 461 non
2215 416 2382 477 potest

0 498 270 557 ”accessus
300 496 405 543 fieri
442 496 506 544 ad
540 511 653 543 eum
689 495 1012 557 cardinalem,
1058 494 1143 557 qui
1186 494 1238 542 in
1273 493 1510 541 scrutinio
1557 494 1732 542 saltem
1765 510 1919 542 unum
1953 492 2247 555 suffragium
2280 506 2383 540 non

0 573 10 636 3
47 574 328 636 obfinuerit,
363 590 524 638 neque
559 575 623 622 ad
658 590 794 636 eum,
846 574 931 638 qui
976 574 1039 622 ab
1075 574 1290 636 ipsomet
1326 572 1560 620 cardinali
1590 573 1683 620 fuit
1715 573 1768 620 in
1802 573 2040 621 scrutinio
2075 571 2379 621 nominatus.

17 652 253 715 Quarto,
290 654 518 717 quamvis
552 654 604 701 in
635 668 839 702 accessu
871 668 974 701 non
1007 653 1156 700 liceat
1190 652 1356 715 plures
1389 653 1667 714 nominare,
1720 653 1847 700 sicut
1876 668 1979 701 non
2012 652 2130 701 licet
2163 652 2214 699 in
2246 651 2382 699 s'cru—

0 736 8 805 J
45 733 167 799 tinio
201 733 367 796 plures
402 732 598 795 eligere,
635 733 727 780 sub
764 748 930 796 poena
962 731 1206 782 nullitatis
1242 729 1470 793 suffragii
1504 734 1607 778 tam
1641 731 1693 778 in
1728 746 1932 780 accessu
1968 747 2118 794 quam
2151 732 2204 779 in
2246 726 2400 778 seru--

0 828 5 880 5
44 808 184 876 ¹tinio,
219 806 537 860 nihilominus
566 811 735 864 licebit
769 812 1003 861 accedere
1035 810 1121 858 uni
1156 825 1219 857 ex
1251 809 1478 872 pluribus
1508 811 1708 857 nulliter
1743 827 1773 859 a
1807 827 1858 858 se
1881 807 2148 859 nominatis
2172 811 2224 857 in
2249 816 2397 857 scru·'

2 888 183 954 tinio,
221 891 485 939 dummodo
521 892 566 939 ei
596 892 660 940 ab
697 891 793 939 alio
826 890 1030 954 aliquod
1064 888 1369 952 suffragium,
1405 903 1506 936 non
1546 893 1715 937 tamen
1747 889 1962 951 nulliter,
1999 893 2057 937 ut
2089 889 2385 953 praefertur,

0 975 8 1049 1
45 970 96 1022 in
127 971 236 1034 ipso
272 970 510 1018 scrutinio
544 971 713 1018 datum
747 971 910 1019 fuerit.
980 970 1192 1030 Quinto,
1245 969 1380 1032 quod
1430 969 1481 1015 in
1530 983 1732 1017 accessu
1775 984 1878 1017 non
1923 972 2206 1032 praestatur
2244 969 2385 1032 jura-

0 1053 279 1114 g-inentum,
315 1050 376 1098 de
411 1065 508 1113 quo
544 1066 712 1113 supra,
758 1050 875 1113 quia
907 1050 958 1097 in
992 1048 1230 1097 scrutinio
1266 1047 1359 1095 fuit
1384 1047 1492 1096 ‘iam
1525 1039 1819 1110 praestitum
1853 1062 1943 1110 per
1971 1048 2058 1095 illa
2091 1048 2271 1096 verba:
2322 1046 2387 1095 Et

0 1167 4 1192 ἱ
45 1129 173 1192 quod
202 1129 326 1176 idem
358 1130 410 1176 in
445 1135 630 1178 accessu
653 1130 931 1191 praestabo.
1000 1129 1182 1190 Sexto,
1234 1127 1446 1191 denique
1478 1119 1736 1175 infirmarii
1770 1127 1958 1175 deferre
1994 1127 2177 1175 debent
2213 1127 2276 1175 ad
2294 1117 2386 1174 'in-

0 1197 3 1253 Ῠ
39 1205 213 1255 'firmos
248 1207 512 1255 schedulas
548 1223 802 1270 accessus,
855 1206 904 1256 et
953 1208 1098 1256 simul
1147 1209 1297 1266 etiam
1340 1222 1495 1254 unum
1527 1206 1702 1255 folium
1735 1207 2054 1270 impressum,
2104 1207 2156 1254 in
2191 1221 2288 1269 quo
2326 1205 2390 1253 sit
2429 1202 2437 1252 Ῐ

39 1288 254 1334 notatus
289 1286 640 1350 suffragiorum
674 1303 907 1336 numerus
940 1288 1108 1350 palam
1138 1287 1438 1350 recognitUS,
1476 1301 1606 1348 quae
1641 1286 1852 1350 quisque
1887 1283 2151 1336 cardinalis
2174 1286 2226 1333 in
2250 1286 2387 1334 scrii-

0 1396 3 1399 -
40 1364 171 1414 >tinio
203 1356 493 1414 nominatus
527 1367 812 1415 obtinuerit.

50 1433 66 1502 ⁸,
177 1445 446 1509 Secundus,
482 1448 659 1496 tertius
695 1451 745 1496 et
781 1452 986 1511 quartus
1016 1451 1165 1496 actus
1195 1447 1539 1510 postscrutinii
1584 1449 1701 1494 sunt
1742 1444 2015 1508 sigillorum
2053 1448 2102 1494 et
2134 1446 2390 1508 signorum

38 1524 271 1587 aperitio,
308 1541 478 1574 eorum
513 1527 798 1590 adnotatio,
850 1527 1198 1591 suffragiorum
1244 1541 1474 1589 examen,
1527 1526 1612 1590 qui
1657 1528 1779 1572 tunc
1814 1525 1974 1573 solum
2004 1525 2172 1573 locum
2205 1525 2393 1572 habere

22 1607 270 1728 possunt,
307 1605 508 1668 quando
544 1611 759 1670 sequuta
794 1610 868 1655 est
903 1607 1075 1655 electio
1110 1622 1200 1669 per
1228 1605 1522 1653 'scrutinium
1553 1608 1601 1652 et
1643 1619 1920 1678 accessum:
1969 1605 2074 1653 fieri
2107 1607 2274 1652 autem
2305 1604 2389 1684 de·

84 1684 168 1729 ent
201 1684 296 1731 hoc
329 1685 493 1733 modo.

178 1763 375 1812 Primus
405 1767 654 1812 scrutator
677 1764 938 1812 schedulas
963 1779 1269 1826 accessuum,
1307 1777 1433 1826 quos
1469 1762 1686 1810 obtinuit
1722 1762 1924 1824 electus,
1958 1762 2010 1809 in
2046 1778 2105 1810 ea
2137 1766 2280 1826 parte
2311 1778 2391 1812 so-

50 1841 166 1904 lum,
202 1859 332 1906 quae
362 1844 507 1906 signa
541 1845 778 1906 continet,
815 1845 1030 1907 aperiet,
1076 1847 1126 1892 et
1158 1842 1396 1905 inspectis
1432 1841 1694 1909 diligenter
1735 1855 1904 1889 earum
1931 1842 2107 1903 sigillis
2141 1846 2188 1890 et
2223 1842 2392 1906 signis,

36 1920 276 1984 [apertam
329 1937 387 1970 ac
415 1923 466 1970 in
496 1923 605 1986 filo,
656 1928 713 1972 ut
745 1927 902 1986 erant,
948 1925 1187 1984 insertaS,
1239 1921 1406 1970 tradet
1441 1921 1660 1968 secundo
1707 1922 1995 1983 scrutatori,
2044 1925 2091 1970 et
2127 1922 2391 1984 secundus,

0 2050 2 2052 ,
33 1998 224 2047 ·eadem
255 2000 562 2064 inspectione
595 2003 744 2066 facta,
779 2004 1003 2066 porriget
1035 2003 1198 2064 tertio,
1245 2001 1331 2064 qui
1366 1999 1469 2048 alta
1503 2003 1553 2047 et
1586 2000 1889 2064 intelligibili
1932 2015 2082 2063 voce,
2131 2001 2295 2064 sigilla
2343 2003 2394 2049 et

51 2077 195 2140 signa
225 2080 589 2142 praedictarum
637 2082 985 2132 schedularum
1031 2081 1316 2131 enunciabit
1366 2082 1416 2128 et
1462 2078 1727 2127 adnotabit
1776 2080 1828 2127 in
1861 2080 2018 2128 latere
2053 2081 2254 2130 sinistro
2289 2080 2396 2129 folii

54 2155 307 2220 impressi,
355 2161 594 2209 adhunc
642 2162 873 2211 effectum
915 2162 1098 2226 parati,
1145 2161 1236 2209 sub
1270 2160 1436 2208 verbis
1469 2160 1634 2222 siyillja
1669 2165 1711 2207 et
1739 2161 1881 2222 siqua
1916 2176 2200 2227 aeeessuum,
2246 2175 2397 2224 quam

55 2235 202 2283 etiam
237 2238 613 2288 adnotationem
641 2241 829 2290 facient
877 2242 1028 2290 ceteri
1076 2240 1385 2305 cardinales,
1438 2239 1479 2286 si
1525 2239 1804 2302 voluerint,
1855 2241 1907 2288 in
1953 2241 2098 2289 simili
2140 2240 2260 2289 folio
2304 2241 2395 2288 im-

51 2327 238 2375 press0.

184 2402 375 2452 Deinde
407 2406 594 2467 primus
626 2410 889 2469 scrutator,
920 2408 1121 2471 reliquis
1157 2407 1521 2456 scrutatoribus
1553 2407 1949 2470 inspicientibus,
1984 2422 2075 2469 pro
2104 2404 2423 2456 accessuum''

54 2480 420 2542 praedictorum
455 2477 682 2533 examine
713 2487 873 2549 capiet
908 2487 1173 2535 schedulas
1207 2486 1448 2548 scrutinii,
1501 2490 1551 2534 et
1584 2487 1822 2549 incipiens
1870 2487 1932 2534 ab
1976 2502 2077 2534 uno
2115 2487 2278 2550 capite
2310 2486 2395 2548 ffli,

54 2557 106 2606 in
140 2574 238 2622 quo
269 2561 483 2610 insertae
518 2568 649 2625 sunt,
686 2566 899 2628 sigillum
930 2567 1118 2629 primae
1153 2566 1260 2628 ejus
1292 2565 1557 2613 schedulae
1591 2568 1798 2629 quaeret
1831 2565 1883 2612 in
1908 2565 2079 2628 sigiHis
2105 2580 2397 2614 accessuum
2465 2618 2469 2622 ,

55 2639 254 2701 notatis,
290 2645 346 2688 ut
381 2658 532 2705 supra
563 2643 616 2690 in
650 2644 768 2692 folio
804 2646 1061 2708 impresso,
1100 2649 1148 2692 et
1184 2645 1224 2692 si
1257 2644 1380 2692 illud
1415 2643 1466 2691 in
1498 2659 1555 2692 eo
1590 2659 1693 2691 non
1722 2644 1984 2705 invenerit,
2022 2645 2208 2692 omissa
2235 2643 2422 2706 prima.

24 2722 27 2724 ’
57 2719 280 2766 scrutinii
314 2721 564 2784 schedula,
616 2716 778 2786 capiet
814 2725 1108 2785 secundam,
1156 2724 1364 2787 ejusque
1405 2723 1620 2786 sigillum
1655 2722 1876 2771 similiter
1911 2726 2140 2786 quaeret3
2193 2723 2327 2786 quod
2356 2723 2400 2771 si

59 2796 207 2845 etiam
241 2814 342 2846 non
374 2801 631 2864 invenerit,
669 2803 831 2865 capiet
864 2804 1075 2866 tertiam,
1122 2806 1171 2851 et
1202 2803 1379 2850 deinde
1414 2806 1678 2866 sequentes
1715 2802 2020 2865 singillatim,
2069 2802 2226 2850 donec
2260 2803 2396 2866 sigil-

23 2882 27 2887 ’
55 2873 160 2922 lum
191 2877 400 2941 alicujus
436 2895 606 2928 earum
638 2882 886 2944 inveniat3
923 2898 1080 2946 eoque
1113 2884 1333 2942 invento,
1370 2883 1593 2930 scrutinii
1624 2882 1911 2931 schedulam
1946 2883 1998 2930 in
2033 2898 2093 2930 ea
2115 2886 2272 2945 parte,
2309 2882 2398 2931 ubi

22 3018 29 3022 ⁵
50 2954 202 3017 signa
236 2960 379 3019 sunt,
430 2961 641 3022 aperiet,
689 2964 740 3009 et
785 2963 827 3010 si
869 2977 971 3010 non
1005 2963 1250 3011 invenerit
1284 2962 1428 3024 signa
1460 2962 1611 3024 hujus
1647 2960 1914 3009 schedulae
1949 2961 2252 3009 concordare
2287 2976 2398 3009 cum

35 3031 211 3096 „signis
247 3051 490 3101 accessuS,
543 3040 826 3089 schedulam
871 3042 1005 3090 illam
1052 3043 1247 3090 omittet
1296 3045 1344 3090 et
1394 3040 1542 3090 aliam
1587 3040 1774 3103 capiet,
1828 3040 1955 3087 sicut
2000 3040 2151 3103 paulo
2185 3043 2301 3088 ante
2335 3036 2399 3088 de

61 3113 306 3164 schedulis
339 3132 439 3164 non
475 3118 898 3168 concordantibus
933 3122 1095 3184 sigillo
1132 3117 1315 3170 dictum
1351 3123 1452 3181 est;
1500 3118 1542 3166 si
1575 3132 1694 3166 vero
1730 3118 1977 3167 invenerit
2011 3118 2156 3181 signa
2191 3133 2399 3167 concor—

60 3191 194 3252 dare,
228 3196 454 3243 ostendet
485 3197 573 3244 illa
602 3199 821 3246 secundo
857 3203 907 3247 et
940 3201 1086 3248 tertio
1122 3199 1502 3259 scrutatoribus,
1549 3198 1634 3260 qui
1667 3213 1770 3245 una
1804 3212 1913 3244 cum
1946 3196 2093 3258 ipsis,
2139 3199 2253 3260 post
2287 3196 2397 3245 dili·
2462 3231 2469 3236 -

31 3344 35 3346 Y
55 3285 182 3334 gens
218 3289 424 3323 examen
460 3291 607 3340 super
638 3277 901 3327 identitate
925 3279 1199 3342 sigillorum
1224 3282 1272 3326 et
1294 3279 1550 3340 signorum
1574 3278 1835 3325 ambarum
1860 3275 2223 3338 schedularum,
2259 3292 2397 3325 scru-

24 3347 30 3397 i
59 3350 167 3399 tinii
201 3353 386 3402 scilicet
420 3358 467 3403 et
499 3371 754 3418 accessus,
803 3357 1053 3420 inspiciet,
1097 3374 1160 3405 an
1192 3357 1324 3405 idem
1358 3357 1440 3405 vel
1482 3356 1664 3404 diversi
1696 3356 1749 3403 in
1782 3359 1995 3418 utraque
2030 3355 2268 3404 schedula
2301 3355 2399 3413 sint

25 3438 28 3452 '·
61 3433 331 3496 nominati;
383 3438 430 3482 et
464 3437 505 3484 si
538 3436 667 3484 idem
700 3437 982 3486 nominatus
1028 3439 1114 3500 sit,
1164 3436 1456 3500 suffragium
1499 3451 1728 3484 accessus
1777 3436 1967 3484 nullum
2000 3435 2303 3497 censebitur;
2357 3435 2399 3483 si

23 3513 181 3559 2-2vero
215 3512 399 3561 diversi
432 3517 677 3567 nominati
717 3516 846 3578 sint,
894 3516 1185 3579 suffragium
1237 3531 1462 3564 accessus
1512 3530 1602 3578 pro
1645 3514 1812 3562 valido
1857 3513 2154 3574 habebitur,
2202 3517 2251 3562 et
2301 3514 2397 3562 hoc

26 3587 31 3643 J
63 3603 183 3638 casu
215 3593 394 3642 tertius
428 3599 678 3643 scrutator
711 3596 924 3659 sigillum
958 3599 1006 3643 et
1040 3596 1183 3658 signa
1218 3594 1483 3643 schedulae
1517 3593 1756 3654 scrutinii,
1794 3609 1852 3641 ac
1876 3594 2023 3643 etiam
2045 3609 2228 3641 nomen
2252 3592 2399 3641 electi

24 3711 25 3714 ,
64 3669 148 3730 qui
180 3670 231 3717 in
262 3686 322 3719 ea
355 3674 649 3736 continetur,
684 3676 788 3723 alta
824 3678 873 3722 et
892 3674 1201 3736 ‘intelligibili
1245 3689 1372 3722 voce
1416 3673 1727 3734 enunciabit,
1778 3677 1827 3721 et
1862 3672 2124 3721 adnotabit
2156 3673 2208 3720 in
2241 3673 2398 3720 latere

25 3743 35 3769 ²
65 3748 268 3799 dextero
303 3752 545 3814 praedicti
576 3753 682 3800 folii
712 3754 965 3816 impressi,
1016 3755 1107 3802 sub
1152 3753 1317 3802 verbis
1362 3754 1523 3815 siqilla
1557 3759 1599 3800 et
1630 3753 1772 3814 siqua
1804 3754 2029 3800 scrutinii
2059 3753 2398 3813 respondentia

0 3887 4 3896 ‚
65 3831 350 3890 accessibus;
398 3832 597 3880 notabit
645 3836 812 3881 autem
859 3849 919 3881 ea
968 3847 1030 3880 ex
1082 3827 1292 3881 adverso
1344 3830 1574 3881 accessus
1625 3832 1985 3880 concordantes
2035 3833 2085 3880 in
2135 3832 2296 3895 sigillo
2347 3835 2397 3880 et

24 3921 37 3927 ⁹
65 3908 239 3972 signis3
287 3909 438 3974 quam
473 3911 847 3961 adnotationem
883 3912 1032 3961 ceteri
1066 3927 1266 3976 quoque
1300 3913 1599 3975 cardinales,
1643 3913 1684 3961 si
1718 3912 1980 3973 voluerint,
2015 3911 2066 3958 in
2101 3911 2246 3959 simili
2278 3911 2396 3960 folio

6 3999 26 4005 ²
65 3985 300 4050 impresso
334 3988 532 4038 facient.
