2540 4282
625 105 865 160 Responsa
896 103 1048 158 aliqua
1078 87 1485 156 congregationum
1514 100 1829 142 Romanarum.
2333 88 2395 141 85

58 229 199 313 simo
237 248 676 319 octingentesimo
717 246 1051 315 sexagesimo
1089 261 1262 314 nono,
1315 248 1506 315 quarto
1554 242 1676 296 idus
1725 240 1985 310 octobriS,
2043 240 2395 295 Pontificatus

0 374 3 375 ν
35 337 233 393 ‘nostri
269 353 408 388 anno
447 335 706 405 vigesimo
747 337 973 403 quarto,-

26 467 30 474 ’
66 542 70 551 y
166 475 373 528 Marius
409 440 570 527 Carti.
610 472 810 537 Mattei,
849 466 1254 537 Pro-Datarius.
1295 497 1362 502 —
1402 467 1464 520 N.
1510 467 1663 553 Card.
1706 467 2021 521 Paraccz‘am'
2063 466 2294 519 Clarelli.

236 590 382 643 Loco
427 598 474 647 ÷
515 586 748 639 Plumbi.
1210 581 1345 635 Visa
1383 581 1449 635 de
1487 582 1676 636 Curia:
1715 583 2025 636 Dominicus
2060 581 2225 634 Bruti.

2015 694 2065 743 J.
2100 693 2332 757 Cuqnom‘.

1159 1154 1315 1223 XV.

24 1268 43 1334 ι]
151 1326 587 1401 RESPONSA
629 1324 940 1410 ALIQUA
987 1316 1746 1395 GONGREGATIONUM
1790 1315 2320 1389 ROMANARUM
2400 1300 2406 1302 ἓ

1204 1483 1270 1516 AD

76 1596 113 1650 J
116 1595 512 1677 UBILAEIJM
559 1594 655 1647 ET
708 1590 987 1646 PREOES
1035 1588 1387 1644 INDICTAS
1438 1590 1532 1644 OB
1580 1586 1949 1643 FUTURUM
1997 1585 2408 1642 GONGILIUM

1050 1738 1429 1779 PERTINENTIA.

1209 2028 1283 2100 A.

675 2176 1078 2227 RESPONSUM
1113 2177 1161 2227 S.
1197 2173 1820 2224 POENITENTIARIAE

882 2295 939 2342 de
972 2294 1130 2343 dubiis
1163 2294 1293 2341 circa
1326 2291 1614 2340 Jubilaeum.

1034 2418 1090 2459 D.
1109 2420 1162 2458 -1.
1188 2419 1307 2471 junii
1339 2418 1466 2458 1869.

233 2551 491 2614 Quamvis
529 2549 884 2620 amplissimae
918 2548 1197 2600 facultates
1234 2533 1330 2617 per
1356 2546 1589 2599 Litteras
1615 2546 1954 2617 Apostolicas
1993 2545 2100 2599 diei
2128 2547 2210 2598 11.
2237 2545 2421 2616 aprilis

88 2657 260 2712 nuper
310 2639 475 2709 elapsi
520 2655 560 2714 ,a
600 2637 745 2691 SSmo
785 2635 895 2688 Dno
932 2634 1058 2688 ΡΙΟ
1096 2633 1207 2686 ΡΡ.
1245 2633 1343 2687 ΙΧ.
1383 2650 1665 2686 concessae
1717 2631 1853 2686 adeo
1907 2633 1963 2685 in
2014 2651 2070 2685 se
2109 2633 2421 2703 perspicuae

91 2729 227 2798 sint,
280 2732 340 2779 ut
376 2726 585 2778 nullum
623 2723 935 2794 ambigendi
971 2722 1149 2775 locum
1186 2721 1520 2791 relinquant,
1579 2725 1816 2774 attamen
1870 2718 1937 2770 ob
1990 2719 2291 2771 notissimas
2342 2736 2424 2772 re-

91 2833 212 2869 rum
236 2813 666 2885 perturbationes
698 2810 955 2879 nonnulla
994 2810 1134 2862 circa
1169 2814 1369 2861 rectam
1406 2809 1723 2879 praesertim
1761 2808 1974 2860 illarum
2013 2806 2423 2876 applicationem

0 2921 1 2924 ¹
92 2905 284 2956 exorta
321 2902 444 2951 sunt
481 2898 660 2966 dubia,
700 2914 836 2968 quae
874 2915 907 2950 a
941 2896 1212 2949 Locorum
1251 2894 1547 2948 Ordinariis
1584 2895 1711 2948 huic
1751 2913 1791 2947 S.
1830 2893 2284 2946 Poenitentiariae
2321 2893 2423 2946 sol-

91 2987 269 3042 venda
314 2985 587 3058 proposita
622 2984 854 3037 fuerunt.
931 2983 1066 3035 Cum
1103 2999 1231 3034 vero
1272 2980 1486 3035 difficile
1529 2981 1818 3035 admodum
1865 2999 1929 3033 ac
1976 2997 2144 3051 prope
2181 2979 2424 3049 impossi-

93 3076 202 3128 bile
238 3075 378 3127 foret
414 3071 746 3141 singulorum
795 3069 1075 3139 postulatis
1129 3068 1462 3137 satisfacere,
1515 3086 1552 3122 S.
1590 3067 2013 3121 Poenitentiaria
2042 3069 2425 3136 opportunum

0 3160 40 3232 ff*
76 3161 309 3215 ,censuit
336 3155 645 3229 hujusmodi
694 3156 984 3226 praecipua
1038 3155 1202 3207 dubia
1254 3171 1547 3224 eorumque
1583 3154 1935 3207 resolutiones
1964 3153 2038 3204 in
2074 3169 2243 3204 unum
2281 3151 2427 3205 colli-

100 3265 260 3320 gere,
312 3251 365 3300 et
402 3245 472 3299 ad
507 3246 777 3298 Locorum
817 3242 1161 3309 OrdinariOS,
1199 3241 1432 3310 benigne
1472 3240 1546 3292 sic
1584 3244 1853 3294 annuente
1891 3238 2080 3292 eodem
2119 3236 2265 3291 SSmo
2302 3238 2430 3309 D110,

96 3334 487 3401 transmittere,
541 3335 602 3384 ut
655 3346 839 3383 omnes
886 3329 942 3380 in
996 3346 1053 3381 re
1102 3328 1239 3380 tanti
1286 3327 1542 3379 momenti
1581 3326 1832 3380 concordi
1870 3324 2111 3378 doctrina
2148 3343 2212 3378 ac
2249 3324 2426 3379 studio
2488 3374 2492 3378 .

0 3476 2 3478 .
53 3418 58 3426 ’
99 3419 389 3492 procedere
426 3419 656 3490 possint3
709 3416 885 3486 deque
918 3415 1014 3483 iis,
1067 3415 1179 3466 sive
1215 3431 1310 3484 per
1348 3431 1404 3466 se
1444 3414 1556 3466 sive
1609 3430 1706 3483 per
1752 3411 1991 3466 delectos
2044 3411 2427 3465 ecclesiasticos

99 3508 271 3575 viroS,
323 3510 478 3559 caute
516 3522 577 3557 ac
612 3502 905 3576 prudenter
943 3500 1292 3554 confessarios
1330 3501 1591 3553 instruere
1628 3499 1857 3553 valeant.
1929 3498 2112 3551 Dubia
2150 3503 2331 3552 autem
2367 3516 2431 3552 ac

101 3590 452 3645 resolutiones
490 3594 614 3642 sunt
653 3606 789 3661 quae
828 3591 1138 3659 sequuntur.

250 3708 299 3758 1.
351 3703 450 3772 Se,
501 3704 558 3756 in
609 3704 794 3774 vigore
852 3702 989 3754 delle
1040 3701 1232 3754 facolta
1285 3705 1570 3754 contenute
1626 3700 1767 3753 nelle
1817 3700 2035 3753 Lettere
2084 3698 2431 3770 Apostoliche

352 3790 495 3861 degli
535 3793 613 3845 11.
652 3791 844 3861 aprile,
883 3790 901 3841 i
939 3788 1241 3842 Confessori
1278 3788 1559 3858 approvati
1597 3786 1743 3858 dagli
1780 3786 2051 3842 Ordinarii
2087 3803 2315 3856 possano
2351 3804 2435 3839 as-

352 3876 558 3929 solvere
597 3876 800 3944 color0,
850 3876 947 3928 che
986 3875 1336 3927 effettuarono
1375 3873 1683 3926 l’invasione
1722 3891 1751 3926 o
1790 3873 2070 3926 ribellione
2109 3872 2196 3925 dei
2235 3872 2434 3943 dominj

356 3963 496 4034 della
535 3961 587 4014 S.
626 3962 796 4031 Sede,
835 3963 854 4014 i
894 3961 1008 4013 loro
1046 3959 1351 4028 mandanti,
1390 3958 1661 4026 aderenti,
1701 3974 1730 4009 e
1768 3956 2126 4027 cooperatori,
2175 3973 2204 4008 e
2242 3957 2438 4026 color0,
