2540 4282
165 162 220 227 ’το
695 235 698 239 ,
749 178 947 220 Litterae
975 177 1263 232 Apostolicae
1293 175 1374 218 ss.
1404 175 1460 217 D.
1490 176 1545 216 N.
1578 175 1649 217 Pii
1677 176 1766 218 PP.
1798 176 1884 218 1x.

162 322 470 376 discedendi
509 338 721 374 causam
759 336 814 371 se
851 318 1050 371 habere
1087 318 1412 387 putaverint,
1453 318 1725 388 excipere,
1780 323 1938 389 atque
1976 319 2045 372 ad
2080 334 2321 374 normam
2358 307 2510 374 con-3¹⁷

162 409 357 470 ciliaris
409 407 715 477 disciplinae
769 408 820 458 et
859 403 948 457 SS.
989 403 1262 456 Canonum
1317 404 1644 474 expendere:
1698 404 1842 475 quod
1900 423 2020 458 cum
2070 406 2320 474 fecerint,
2371 392 2506 458 non·

161 495 451 568 quidquam
491 493 555 544 de
593 492 735 543 hisce
772 488 932 541 rebus
971 487 1286 556 decernent,
1341 489 1433 542 sed
1487 489 1551 542 de
1609 491 1853 544 omnibus
1891 491 1960 544 ad
1999 491 2484 562 Congregationem

159 581 463 653 generalem
503 578 685 630 ordine
723 574 970 627 referent.
1043 575 1333 628 Praeterea
1370 578 1664 645 statuimus,
1703 582 1763 630 ut
1803 578 1988 631 eadem
2013 577 2258 649 Synodus
2282 578 2540 649 pariter-»1

161 685 256 738 per
295 664 571 719 schedulas
610 666 837 714 secretas
875 661 1017 713 ¹alios
1065 662 1299 731 quinque
1339 680 1407 714 ex
1445 662 1699 715 Patribus
1739 664 1902 734 eligat
1939 669 1994 719 in
2033 667 2250 719 ,ludices
2288 680 2486 732 quere-

160 756 335 808 larum
373 758 424 805 et
457 752 940 803 controversiarum.
2487 733 2540 799 -ἓ

301 837 378 890 Hi
414 853 571 906 porro
609 833 995 886 controversias
1043 850 1224 884 omnes
1276 833 1416 886 circa
1468 835 1708 887 ordinem
1760 835 2004 904 sedendi,
2055 836 2141 889 vel
2188 836 2277 905 jus
2327 846 2484 906 prae·

159 913 379 977 cedendi
416 922 667 990 aliasque,
706 920 749 971 si
788 937 923 989 quae
958 918 1096 971 forte
1128 919 1267 972 inter
1301 926 1649 990 congregatos
1678 921 1930 990 oriantur,
1962 922 2166 991 judicio
2191 922 2482 974 summario
2527 941 2540 974 .·

156 1013 318 1079 atque
357 1011 693 1073 oeconomice,
731 1010 792 1057 ut
830 1006 993 1074 ajunt,
1032 1006 1107 1057 ita
1145 1022 1462 1075 componere
1502 1006 1807 1075 studebunt,
1845 1011 1904 1059 ut
1929 1008 2061 1060 nulli
2093 1007 2485 1078 praejudicium
2520 1026 2536 1053 κ

155 1097 438 1162 inferatur,
493 1097 544 1145 et
582 1096 843 1162 quatenus
898 1109 1213 1161 componere
1264 1098 1558 1161 nequeant,
1613 1111 1701 1146 eas
1741 1093 2178 1164 Congregationis
2216 1094 2485 1165 generalis
2531 1109 2534 1154 ζ

163 1181 466 1235 auctoritati
505 1179 800 1248 subjicient.

1267 1333 1365 1386 VI.

915 1461 1004 1520 De
1054 1459 1413 1540 Officialibus
1466 1460 1715 1522 Concilii.

296 1614 455 1676 ,Quod
492 1630 617 1666 vero
658 1617 710 1664 et
746 1610 878 1662 illud
915 1610 1097 1679 magni
1133 1609 1320 1678 refert,
1374 1614 1434 1662 ut
1470 1613 1755 1664 necessarii
1804 1631 1862 1665 ac
1916 1613 2095 1666 idonei
2146 1615 2373 1667 ministri
2426 1619 2485 1668 et

156 1702 404 1756 officiales
451 1701 609 1769 juxta
661 1698 997 1750 conciliarem
1052 1697 1490 1749 consuetudinem
1530 1704 1582 1750 et
1621 1698 1951 1769 disciplinam
2004 1700 2249 1753 omnibus
2286 1701 2343 1752 in
2374 1701 2483 1754 ‘hac

155 1788 371 1860 Synodo
412 1786 616 1840 actibus
663 1785 764 1837 rite
818 1789 871 1837 et
917 1783 1155 1853 legitime
1203 1783 1538 1854 perficiendis
1595 1785 1961 1855 designentur,
2013 1787 2125 1840 Nos
2172 1787 2480 1856 hujusmodi
2529 1822 2537 1856 4

152 1875 564 1928 ministeriorum
601 1872 864 1924 rationem
900 1870 1181 1937 habenteS,
1233 1869 1595 1940 infrascriptos
1651 1873 1792 1924 viros
1844 1873 1914 1925 ad
1970 1891 2033 1926 ea
2088 1872 2374 1943 deligimus
2427 1879 2485 1926 et
2523 1872 2526 1873 ⁷

152 1963 504 2028 nominamuS,
543 1959 767 2011 scilicet:
1279 1969 1282 1972 ’
2522 1958 2524 1963 “

204 2076 216 2117 3
301 2051 345 2101 1.
372 2046 672 2099 Generales
710 2043 932 2098 Consilii
970 2041 1252 2110 CustodeS,
1306 2042 1544 2095 Dilectos
1591 2043 1756 2096 Filios
1795 2044 2060 2098 Joannem
2112 2044 2372 2098 Columna
2424 2050 2526 2101 ete

151 2134 494 2187 Dominicum
534 2132 714 2186 Orsini
749 2130 1019 2183 Romanos
1057 2129 1334 2199 Principes
1384 2129 1665 2181 Pontificio
1714 2128 1910 2182 Nostro
1959 2131 2089 2183 solio
2142 2131 2478 2185 adsistentes,

295 2223 343 2273 2.
380 2219 600 2273 Concilii
650 2216 1029 2283 Secretarium,
1087 2214 1466 2268 Venerabilem
1513 2215 1756 2267 Fratrem
1805 2216 1840 2268 J
1846 2217 2105 2287 osephum
2151 2218 2478 2288 Episcopum
2524 2219 2527 2227 ‘

154 2305 206 2359 S.
244 2306 554 2376 Hippolyti,
603 2304 757 2374 eique
797 2302 1072 2372 adjicimus
1113 2319 1231 2353 cum
1271 2301 1443 2353 officio
1483 2305 1536 2353 et
1572 2302 1727 2353 titulo
1767 2302 2175 2371 Subsecretarii,
2225 2303 2478 2356 dilectum

7 2402 42 2441 ἶ
151 2394 320 2446 filium
357 2392 690 2445 Ludovicum
745 2388 994 2442 Jacobini
1046 2406 1074 2441 e
1127 2389 1336 2440 Nostris
1391 2391 1442 2439 et
1495 2387 1652 2456 hujus
1690 2387 2032 2458 Apostolicae
2085 2388 2241 2452 Sedis
2288 2390 2480 2443 Proto·
2520 2416 2540 2431 ν

150 2479 394 2546 notariiS,
446 2494 652 2530 necnon
702 2474 996 2542 adjutoreS,
1045 2473 1280 2526 Dilectos
1316 2473 1482 2525 Filios
1521 2474 1814 2527 Canonicos
1854 2469 2136 2528 Camillum
2174 2476 2386 2529 Santori
2423 2481 2481 2529 et

151 2565 423 2635 Angelum
461 2563 497 2616 J
500 2550 723 2616 acobini.

297 2654 344 2704 3.
383 2650 603 2704 Concilii
628 2648 896 2716 NotariOS,
934 2648 1168 2701 Dilectos
1194 2647 1360 2700 Filios
1391 2646 1594 2700 Lucam
1618 2647 1850 2714 Pacifici,
1890 2647 2170 2717 Aloysium
2201 2646 2475 2716 ColombO,

63 2755 66 2757 ·
151 2739 416 2792 Joannem
454 2736 713 2803 Simeoni,
761 2734 1040 2804 Aloysium
1080 2734 1334 2801 Pericoli,
1385 2739 1438 2786 et
1472 2735 1813 2807 Dominicum
1850 2734 2109 2786 Bartolini
2146 2734 2369 2787 Nostros
2419 2737 2473 2786 et
2527 2766 2532 2771 ,

150 2825 310 2893 hujus
347 2821 687 2893 Apostolicae
727 2819 879 2872 Sedis
925 2821 1354 2887 ProtonotarioS,
1406 2822 1586 2890 eisque
1636 2820 1975 2889 adjungimus
2022 2820 2260 2873 Dilectos
2309 2819 2476 2872 Filios

151 2911 480 2964 Salvatorem
517 2907 793 2960 Pallottini
832 2910 883 2958 et
921 2906 1263 2958 Franciscum
1303 2906 1453 2958 Santi
1490 2905 1821 2973 AdvocatOS,
1874 2906 1965 2975 qui
2001 2906 2236 2959 Notariis
2275 2905 2476 2959 eisdem
2529 2924 2531 2926 ·

148 2995 462 3065 adjutricem
500 3011 715 3064 operam
750 2997 962 3045 navent.
2448 2976 2451 2981 ’

295 3084 344 3135 4.
384 3081 714 3133 Scrutatores
753 3078 1155 3148 Suffragiorum,
1193 3077 1429 3129 Dilectos
1456 3078 1620 3130 Filios
1645 3076 1927 3148 Aloysium
1964 3077 2187 3131 Serafini
2224 3082 2278 3130 et
2306 3076 2476 3130 Fran·
2530 3126 2534 3129 .

151 3168 349 3220 ciscum
386 3165 556 3219 Nardi
594 3182 872 3217 causarum
909 3164 1103 3216 Palatii
1139 3163 1322 3216 Nostri
1352 3163 1650 3232 Apostolici
1676 3163 1996 3234 Auditores;
2034 3163 2316 3234 Aloysium
2351 3164 2474 3217 Pel-

148 3253 338 3322 legrini
380 3258 432 3304 et
469 3250 808 3304 Leonardum
832 3251 1000 3302 Dialti
1025 3251 1253 3302 Nostrae
1278 3248 1532 3301 Gamerae
1559 3250 1902 3319 Apostolicae
1927 3250 2182 3320 Clericos3
2221 3247 2471 3302 Carolum
2527 3270 2540 3282 ··

150 3338 463 3391 Christofori
503 3342 555 3390 et
590 3337 963 3391 Alexandrum
1000 3336 1241 3388 Montani
1280 3336 1598 3405 Signaturae
1638 3335 1887 3388 Justitiae
1919 3335 2203 3403 Votantes;
2240 3335 2477 3387 Frideri-
2527 3395 2540 3404 ..

150 3441 273 3488 cum
323 3423 388 3475 de
438 3424 666 3476 Falloux
719 3423 790 3475 du
830 3422 1079 3492 Coudray
1115 3422 1342 3475 Nostrae
1384 3422 1743 3475 Cancellariae
1781 3421 2120 3492 Apostolicae
2155 3419 2474 3488 Regentem,
2516 3437 2531 3469 -ί

91 3553 94 3558 ,
151 3514 204 3562 et
240 3509 588 3561 Laurentium
623 3508 765 3560 Nina
790 3507 1238 3560 Abbreviatorem
1278 3524 1346 3558 ex
1383 3508 1571 3576 majori
1593 3508 1780 3560 Parco.
1841 3507 1917 3559 Hi
1954 3510 2133 3558 autem
2171 3509 2288 3557 octo
2327 3495 2537 3567 scru-J‘:

145 3598 347 3658 ’catores
376 3596 450 3646 ‘in
506 3599 732 3663 quatuor
777 3594 1023 3646 distincta
1071 3593 1221 3662 paria
1274 3593 1543 3645 distributi
1594 3594 1670 3645 ita
1721 3592 1790 3645 ad
1849 3590 2163 3660 excipienda
2216 3589 2471 3660 suffragia
2510 3581 2540 3646 'i

147 3678 453 3751 procedent,
491 3684 550 3731 ut
586 3680 712 3732 bina
747 3683 895 3750 paria
932 3699 1099 3733 unum
1137 3679 1446 3732 Conciliaris
1477 3680 1651 3732 Aulae
1687 3680 1842 3746 latus,
1878 3677 2206 3746 totidemque
2242 3678 2494 3746 alterum:
2523 3694 2534 3736 ,³

150 3764 370 3832 obeant,
419 3783 480 3817 ac
524 3771 800 3835 praeterea
838 3767 1048 3836 singula
1083 3767 1233 3835 paria
1271 3766 1508 3835 singulos
1546 3783 1616 3818 ex
1654 3766 1707 3818 N
1710 3764 1890 3817 otariis
1929 3780 2107 3815 secum
2144 3762 2343 3814 habere
2380 3761 2474 3815 de·
2501 3765 2534 3835 J

149 3850 368 3918 bebunt,
407 3850 533 3901 dum
570 3851 625 3902 in
663 3868 882 3904 munere
918 3851 1189 3921 fungendo
1228 3856 1520 3903 versantur.
1700 3882 1703 3886 ⁴
2515 3854 2534 3922 ζ

293 3938 341 3988 5.
379 3935 720 3987 Promotores
747 3935 982 4003 Concilii,
1008 3936 1243 3987 Dilectos
1267 3936 1431 3988 Filios
1454 3938 1489 3990 J
1495 3954 1720 3989 oannem
1739 3935 2037 4005 Baptistam
2065 3934 2130 3986 de
2154 3932 2472 3986 Dominicis·

147 4020 314 4088 froas,
353 4023 404 4071 et
440 4019 750 4091 Philippum
787 4020 928 4072 Rani
963 4019 1014 4073 s.
1055 4020 1364 4073 consistorii
1401 4020 1720 4075 Advocatos.
2212 4010 2221 4015 ‘
2520 4009 2531 4034 '⁴
