2540 4282
138 157 197 205 12
1180 131 1408 210 syllabus.
1431 137 1433 139 ι

310 306 419 367 ΙΧ.
481 306 689 367 Omnia
734 303 1232 382 indiscriminatim
1279 303 1551 381 dogmata
1597 303 1891 381 religionis
1938 292 2286 366 christianae
2331 311 2466 366 sum

142 409 427 487 objectum
472 405 750 465 naturalis
796 404 1064 462 scientiae
1112 423 1213 463 seu
1258 403 1686 483 philosophiae,
1736 411 1792 463 et
1821 403 2076 465 humana
2106 406 2253 466 ratio
2285 402 2521 483 histo-”g

138 510 252 572 rice
297 507 523 568 tantum
572 505 795 566 exculta
841 511 1031 583 potest
1077 525 1151 564 ex
1196 505 1313 564 suis
1359 502 1720 564 naturalibus
1776 505 1997 565 viribus
2058 513 2114 566 et
2168 506 2464 587 principiis
2523 587 2526 592 Ι

139 609 213 668 ad
265 629 461 668 veram
519 607 588 666 de
647 606 910 665 omnibus
971 606 1146 666 etiam
1205 605 1680 665 reconditioribus
1743 606 2106 684 dogmatibus
2166 608 2465 669 seientiam

139 702 467 789 pervenire,
526 706 694 766 modo
750 705 892 765 haec
937 707 1208 784 dogmata
1252 706 1364 784 ipsi
1408 705 1620 764 rationi
1666 690 2288 786 tamquam'objectum
2331 723 2493 788 pro-J
2526 722 2536 781 g

140 810 324 889 posita
370 808 598 867 fuerint.

484 935 642 997 Epist.
681 933 744 980 ad
778 933 1006 995 Archiep.
1045 933 1255 995 Frising.
1295 932 1618 981 Gravissima-3
1654 935 1728 980 11.
1760 925 2040 984 decembris
2076 936 2212 984 1862.

480 1014 637 1076 Epist.
671 1013 733 1060 ad
766 1012 972 1078 eundem
1010 1012 1137 1061 Tuas
1171 1013 1364 1059 libenter
1400 1013 1476 1069 21.
1513 1012 1784 1060 decembris
1825 1015 1960 1062 1863.

311 1160 387 1220 X.
462 1161 651 1234 Quum
695 1159 852 1218 aliud
899 1159 972 1217 sit
1016 1158 1429 1237 philosophuS,
1482 1159 1640 1218 aliud
1685 1118 2088 1240 philosophia,
2129 1161 2226 1220 ille
2265 1124 2362 1240 jus
2409 1166 2466 1220 et

141 1261 388 1322 officium
430 1260 605 1319 habet
649 1280 708 1318 se
756 1258 1128 1318 submittendi
1174 1259 1528 1337 auctoritati,
1593 1281 1767 1339 quam
1826 1281 2022 1321 veram
2077 1261 2202 1341 ipse
2254 1261 2461 1354 proba·
2494 1287 2503 1298 ⁴

140 1362 315 1439 verit,
366 1368 424 1420 at
468 1359 833 1439 philosophia
879 1379 1068 1437 neque
1113 1366 1315 1438 potest,
1365 1380 1555 1438 neque
1602 1361 1771 1420 debet
1814 1360 1919 1420 ulli
1965 1381 2089 1421 sese
2130 1351 2464 1468 submittere
2534 1411 2537 1413 .

48 1542 53 1547 ⁴
137 1461 477 1523 auctoritati.

203 1578 205 1581 ⁵
478 1588 635 1649 Epist.
674 1586 738 1635 ad
770 1587 1008 1649 Archiep.·
1034 1587 1248 1650 Frising.
1286 1587 1611 1636 Gravissimas
1651 1590 1722 1636 11.
1756 1589 2033 1637 decembris
2074 1592 2209 1648 1862.
2291 1628 2294 1631 .

476 1667 633 1729 Epist.
672 1666 734 1714 ad
770 1666 977 1717 eundem
1017 1666 1147 1715 Tuas
1180 1668 1377 1715 libenter
1413 1670 1488 1714 21.
1527 1667 1800 1716 decembris
1836 1671 1973 1717 1863.

308 1812 417 1871 XI.
481 1812 738 1871 Ecclesia
782 1832 900 1870 non
960 1811 1145 1871 solum
1196 1833 1313 1872 non
1373 1815 1542 1874 debet
1600 1816 1661 1874 in
1720 1815 2148 1896 philosophiam
2207 1837 2463 1898 unquam
2518 1819 2520 1821 ’

137 1913 610 1991 animadvertere,
660 1933 860 1971 verum
909 1913 1081 1972 etia-m
1127 1913 1298 1973 debet
1341 1915 1523 1994 ipsius
1569 1915 1971 1997 philosophiae
2015 1918 2262 1978 tolerare
2307 1938 2489 1979 erro-⁴

142 2035 248 2094 reS,
284 2014 462 2093 eique
507 2014 846 2092 relinquere,
895 2019 960 2072 ut
1003 2014 1131 2092 ipsa
1176 2008 1245 2073 se'
1283 2017 1546 2094 corrigat.

479 2141 636 2202 Epist.
674 2140 738 2187 ad
772 2140 1000 2203 Archiep.
1037 2141 1250 2203 Frising.
1289 2141 1613 2192 Gravissimas
1651 2144 2033 2199 11.,decembris
2071 2146 2210 2193 1862.

311 2289 450 2349 XII.
499 2289 871 2368 Apostolicae
916 2289 1080 2349 Sedis
1116 2289 1626 2369 Romanarumque
1658 2290 2188 2371 Congregationum
2235 2256 2464 2356 decreta

45 2439 47 2441 .
139 2384 383 2450 liberum
430 2391 696 2450 scientiae
744 2409 1115 2469 progressum
1160 2390 1497 2469 impediunt.

478 2519 632 2581 Epist.
668 2519 732 2567 ad
762 2519 991 2580 Archiep.
1029 2504 1241 2580 Frising.
1283 2518 1411 2566 Tuas
1442 2519 1635 2565 libenter
1670 2520 1745 2566 21.
1781 2519 2053 2568 decembris
2090 2523 2226 2571 1863.

312 2665 482 2724 XIII.
552 2665 860 2724 Methodus
906 2671 962 2724 et
1007 2664 1320 2744 principia,
1386 2665 1593 2745 quibus
1653 2666 1874 2745 antiqui
1917 2665 2194 2726 Doctores
2241 2666 2462 2727 schola-

145 2766 269 2826 stici
329 2765 707 2843 Theologiam
773 2766 1179 2843 excoluerunt,
1251 2771 1579 2845 temporum
1642 2774 1965 2852 nostrorum
2032 2767 2535 2852 necessitatibus,

143 2866 621 2944 scientiarumque
667 2866 996 2945 progressui
1040 2867 1275 2926 minime
1322 2874 1661 2945 congruunt.

481 2993 636 3054 Epist.
675 2994 738 3041 ad
771 2995 1002 3056 Archiep.
1039 2995 1248 3056 Frising.
1293 2994 1420 3042 Tuas
1455 2996 1664 3043 libenter‘
1685 2996 1761 3042 21.
1799 2994 2083 3043 decembris·
2111 2977 2246 3043 1863.

71 3202 78 3230 :
314 3137 481 3197 XIV.
540 3137 915 3215 Philosophia
959 3139 1258 3199 tractanda
1304 3147 1404 3218 est,
1444 3140 1617 3226 ¹nulla
1658 3139 2112 3219 supernaturalis
2157 3139 2460 3200 revelatio-

72 3234 77 3236 ’
145 3237 234 3295 nis
278 3236 474 3297 habita
518 3237 756 3297 ratione.

484 3365 639 3427 Epist.
677 3365 735 3412 ad
772 3365 1003 3426 Archiep.
1041 3365 1251 3428 Frising.
1296 3366 1423 3414 Tuas
1455 3367 1647 3415 libenter
1685 3369 1760 3415 21.
1799 3367 2066 3426 decembris
2108 3368 2246 3415 1863.

315 3507 445 3566 NB.
517 3507 661 3567 Cum
701 3513 1079 3572 rationalismi
1141 3520 1451 3591 systemate
1511 3516 1818 3582 cohaerent
1873 3514 2187 3572 maximam
2241 3515 2463 3604 partem

147 3627 365 3666 errores
395 3608 635 3667 Antonii
668 3608 948 3691 Giinther,
1001 3604 1099 3692 qui
1146 3613 1492 3675 damnantur
1536 3616 1599 3675 in
1638 3615 1824 3695 Epist.
1873 3614 1948 3674 ad
1981 3613 2147 3675 Oard.
2182 3602 2456 3693 Archiep.

63 3714 67 3717 ’
148 3706 548 3785 Coloniensem
592 3703 882 3771 Eoeiiniain
930 3721 1085 3774 tuam
1136 3716 1231 3774 15
1270 3716 1422 3794 junii
1473 3718 1674 3792 1857„
1724 3720 1781 3773 et
1824 3714 1884 3772 in
1913 3714 2096 3792 Epist.
2147 3714 2223 3773 ad
2268 3713 2458 3793 Episc
2538 3758 2540 3762 -

148 3806 683 3869 Wratislaviensem
728 3811 938 3871 Dolore
981 3815 1137 3874 haud
1180 3816 1452 3897 mediocri
1498 3817 1594 3875 30.
1642 3813 1840 3894 aprilis
1894 3816 2071 3874 1860.
