2540 4282
1159 111 1387 167 Synabus.
2386 100 2445 153 15

270 257 508 318 XXIX.
561 256 800 317 Gratiae
840 278 875 317 a
904 256 1174 317 Romano
1204 257 1485 318 Pontifice
1531 276 1833 318 concessae
1866 256 2188 316 existimari
2234 256 2445 317 debent

30 364 397 439 '‘ftamquam
441 358 656 437 irritae,
706 358 820 417 nisi
859 378 964 437 per
1012 356 1377 418 Gubernium
1420 357 1635 418 fuerint
1676 355 2036 438 imploratae.

40 472 43 474 ’
448 464 606 511 Alloc.
642 462 903 525 Nunquam
926 462 1048 523 fore
1085 463 1159 510 15.
1197 461 1469 510 decembris
1509 464 1647 511 1856.

65 645 67 649 ,
270 580 476 642 ΧΧΧ.
547 577 842 640 Ecclesiae
905 585 962 640 et
1020 599 1402 659 personarum
1463 581 1978 642 ecclesiasticarum
2032 580 2367 641 immunitas
2411 595 2448 642 a·

0 663 67 763 5·
92 683 227 763 jure
272 683 428 742 civili
473 686 664 741 ortum
710 680 932 741 habuit.

441 786 558 835 Litt.
592 787 771 849 Apost.
808 786 1099 849 Multiplices
1131 788 1258 835 iuter
1295 789 1368 835 10.
1399 785 1527 848 junii
1565 788 1704 835 1851.

55 978 58 982 Α
273 902 512 963 XXXI.
572 903 1044 966 Ecclesiasticum
1083 906 1273 966 forum
1317 926 1422 986 pro
1467 905 1885 986 temporalibus
1932 907 2269 967 clericorum
2314 926 2448 967 cau-

13 1013 49 1027 “
99 1004 177 1066 sis
223 1004 347 1064 sive
393 1004 660 1065 civilibus
707 1005 830 1065 sive
879 1007 1274 1067 criminalibus
1320 1006 1556 1068 omnino
1615 1007 1686 1067 de
1740 1007 1928 1068 medio
1974 1007 2296 1068 tollendum
2342 1014 2443 1088 est,

99 1106 274 1167 etiam
320 1106 647 1168 inconsulta
694 1113 749 1167 et
791 1109 1142 1168 reclamante
1187 1108 1529 1189 Apostolica
1575 1108 1742 1168 Sede.

447 1220 608 1269 Alloc.
644 1220 1013 1270 Acerbissimum
1051 1224 1127 1270 27.
1164 1222 1459 1285 septembris
1498 1224 1636 1271 1852.

447 1300 607 1348 Alloc.
642 1300 905 1364 Nunquam
926 1303 1047 1364 fore
1084 1303 1159 1350 15.
1196 1301 1468 1350 decembris
1509 1304 1648 1351 1856.

34 1499 36 1503 .
272 1419 541 1480 XXXII.
613 1420 856 1500 Absque
915 1420 1037 1481 ulla
1094 1419 1377 1480 naturalis
1429 1420 1581 1500 juris
1644 1428 1700 1482 et
1761 1423 2070 1504 aequitatis
2136 1424 2450 1494 violatione

106 1528 299 1602 potest
340 1521 610 1600 abrogari
654 1521 978 1607 personalis
1026 1521 1377 1600 immunitaS‚
1429 1541 1545 1602 qua
1584 1521 1777 1583 clerici
1808 1525 1880 1584 ab
1914 1518 2086 1586 ouere
2118 1527 2451 1589 subeundae

107 1623 581 1702 exercendaeque
626 1611 868 1683 militiae
914 1622 1274 1701 eximuntur3
1336 1622 1494 1683 hanc.
1532 1644 1671 1684 vero
1712 1626 2153 1705 abrogationem
2196 1628 2454 1707 postulat

17 1711 38 1795 ζ
102 1723 288 1783 civilis
332 1743 676 1803 progressus
722 1724 978 1793 maxime
1024 1725 1086 1783 in
1133 1723 1414 1810 societatev
1451 1725 1526 1784 ad
1555 1725 1800 1786 formam
1832 1727 2121 1788 liberioris
2151 1729 2452 1808 regiminis

26 1828 46 1870 ‘-
103 1824 430 1885 constituta.

425 1939 586 2002 Epist.
623 1939 688 1986 ad
722 1939 888 2002 Episc.
919 1939 1271 2003 Montisregal.
1296 1940 1574 2003 Siuyularis
1596 1939 1838 2004 Nobisque
1872 1943 1949 1990 29.
1977 1936 2272 2006 septembris
2310 1945 2449 1993 1864.

273 2062 574 2124 XXXIII.
615 2064 753 2125 Non
783 2065 1035 2144 pertinet
1066 2067 1233 2127 unice
1265 2068 1341 2128 ad
1373 2067 1817 2128 ecclesiasticam
1845 2068 2263 2148 jurisdictionis
2290 2076 2452 2150 pote-

104 2173 311 2227 statem
354 2167 592 2246 proprio·
631 2187 697 2226 ac
725 2166 922 2227 nativo
943 2166 1078 2246 jure
1110 2168 1364 2247 dirigere
1394 2169 1855 2248 theologicarum
1885 2191 2078 2231 rerum
2111 2171 2446 2231 doctrinam.

444 2272 605 2334 Epist.
645 2272 709 2320 ad
742 2272 975 2336 Archiep.
1010 2274 1223 2337 Frising.
1267 2275 1397 2323 Tuas
1427 2277 1623 2324 libenter
1654 2278 1733 2324 21.
1771 2276 2044 2325 decembris
2083 2278 2222 2326 1863.

277 2397 575 2458 XXXIV.
624 2398 905 2459 Doctrina
951 2401 1413 2482 comparantium
1454 2403 1787 2463 Romanum
1820 2399 2163 2463 Pontificem
2193 2402 2453 2484 Principi

106 2500 287 2560 libero
337 2508 392 2560 et
437 2501 634 2579 agenti
679 2501 741 2559 in
787 2502 1061 2562 universa
1105 2502 1367 2563 Ecclesia
1411 2505 1671 2565 doctrina
1718 2512 1826 2583 est,
1877 2525 2026 2584 quae
2070 2505 2259 2565 medio
2306 2524 2450 2565 aevo

27 2639 30 2641 -
76 2602 447 2680 praevaluit.

447 2707 567 2755 Litt.
602 2707 782 2770 Apost.
820 2706 903 2754 Ad
938 2709 1227 2770 apostolicae
1263 2709 1339 2755 22.
1378 2709 1578 2771 augusti
1615 2711 1752 2758 1851.

30 2903 35 2915 ‹
278 2826 544 2886 XXXV.
613 2827 780 2887 Nihil
822 2834 1010 2906 vetat,
1075 2827 1317 2906 alicujus
1365 2807 1611 2887 Concilii
1668 2827 1955 2906 generalis
2018 2828 2307 2888 sententia
2352 2834 2453 2888 aut
2504 2876 2507 2879 .

0 2958 4 2961 ·
107 2927 510 2988 universorum
550 2929 896 3008 populorum
926 2928 1094 3008 fact0‚
1146 2949 1436 2988 summum
1467 2929 1876 2988 Pontificatum
1908 2930 1980 2988 ab
2010 2929 2277 2989 Romano
2309 2928 2452 3009 Epi-

0 3012 6 3013 γ
103 3027 280 3109 ‘scopo
329 3034 505 3107 atque
536 3028 696 3088 Urbe
743 3031 817 3089 ad
862 3030 1041 3090 alium
1071 3029 1429 3110 Episcopum
1474 3030 1767 3110 aliamque
1808 3030 2100 3089 civitatem
2131 3029 2449 3090 transferri.

452 3141 571 3188 Litt.
607 3142 785 3203 Apost.
821 3142 903 3190 Ad
938 3144 1225 3205 apostolieae
1258 3145 1335 3190 22.
1374 3143 1577 3205 augusti
1615 3145 1754 3211 1851.

280 3243 590 3326 XXXVI.v
657 3266 985 3327 Nationalis
1044 3268 1270 3328 concilii
1338 3266 1595 3328 definitio
1672 3267 1894 3327 nullam
1961 3268 2134 3328 aliam
2201 3268 2456 3329 admittit

98 3366 591 3447 'disputationem⁷
655 3367 956 3446 civilisque
1017 3368 1438 3428 administratio
1498 3389 1622 3427 rem
1667 3368 1741 3427 ad
1791 3367 1965 3429 hosce
2006 3369 2281 3430 terminos
2330 3369 2451 3430 exi-

2 3472 13 3555 J
110 3487 246 3545 gere
291 3474 498 3547 potest.

106 3583 110 3589 ’
455 3573 576 3621 Litt.
612 3574 790 3636 Apost.
823 3573 905 3621 Ad
936 3574 1222 3634 apostol-icae
1252 3576 1328 3622 22.
1364 3574 1564 3637 augusti
1605 3576 1741 3623 1851.

282 3688 610 3751 XXXVII.
685 3691 922 3751 Institui
966 3700 1207 3772 possunt
1251 3694 1575 3754 nationales
1630 3693 1923 3754 Ecclesiae
1981 3695 2054 3754 ab
2114 3694 2451 3755 auctoritate

45 3808 64 3878 f
112 3788 364 3875 Romani
407 3789 707 3851 Pontificis
754 3793 1067 3852 subductae
1111 3794 1403 3874 planeque
1450 3794 1687 3854 divisae.

462 3903 621 3951 Alloc.
656 3903 826 3952 Multis
853 3906 1170 3968 yravibusque
1204 3907 1277 3953 17.
1316 3907 1592 3954 decembris
1631 3909 1768 3956 1860.

460 3982 620 4030 Alloc.
655 3982 954 4050 Jamdudum
989 3987 1222 4034 ceruimus
1262 3987 1335 4034 18.
1368 3985 1533 4034 martii
1571 3988 1708 4035 1861.
