2540 4282
184 187 268 237 102
961 190 1227 234 Constitutio
1260 190 1466 244 Gregorii
1497 192 1586 233 ΡΡ.
1618 194 1724 236 XV.

313 312 553 375 Secundo,
590 313 831 375 completo
866 310 1152 373 hujusmodi
1184 307 1437 373 mandato,
1478 314 1894 374 compromissarii
1927 315 1990 363 ad
2023 319 2217 379 partem
2249 317 2302 364 in
2331 307 2482 374 ali„D
2526 296 2538 317 ‘⁶

180 392 294 441 loco
329 395 557 455 separato
589 407 642 439 se
676 390 958 451 conferunt,
1009 391 1059 436 et
1092 388 1154 437 de
1187 389 1427 438 electione
1459 391 1687 439 facienda
1719 396 1960 455 tractant,
2011 398 2060 442 et
2095 395 2222 443 solet
2253 395 2382 444 inter
2409 397 2483 461 «ζζ
2523 420 2540 439 e

181 470 426 534 praemitti
460 469 780 533 protestatiO,
829 467 963 531 quod
1006 482 1095 529 per
1129 483 1493 533 quamcumque
1520 470 1846 532 prolationem
1893 473 2160 522 verborum
2205 489 2348 522 suum
2522 470 2540 523 Ξ

184 563 477 598 consensum
509 563 610 596 non
638 547 935 610 intelligunt,
983 547 1080 595 nisi
1107 547 1158 594 in
1193 548 1387 611 scriptis
1419 548 1555 596 illum
1590 564 1823 613 expresse
1856 555 2059 614 ponant.
2126 553 2193 600 Et
2225 554 2351 602 haec

179 629 377 677 testatio
413 628 612 676 videtur
642 627 926 675 necessaria
958 627 1088 675 inter
1122 626 1590 694 compromissarios,
1622 631 1679 675 ut
1707 628 1873 676 verbis
1907 629 2134 677 humanis
2179 634 2229 678 et
2268 646 2436 680 rever
2456 623 2513 676 ,ζ’

179 707 383 767 tialibus
414 708 544 754 inter
577 721 631 754 se
665 707 771 754 sine
804 705 1107 769 praejudicio
1141 706 1216 753 uti
1247 705 1454 768 possint.
2475 753 2505 760 ...
2530 755 2540 762 ,

310 786 504 846 Tertio,
555 785 691 833 facta
734 800 824 848 per
871 784 1325 847 compromissarios
1375 783 1616 832 electione
1662 785 1932 833 secundum
1980 786 2190 836 formam
2239 789 2307 837 eis
2355 805 2388 853 p
2427 797 2540 854 :':3-

182 864 431 927 scriptam,
467 868 516 911 61
549 864 760 913 servatis
792 864 866 926 iis,
901 879 1029 928 quae
1059 863 1470 926 GregoriustV.
1505 862 1557 909 in
1590 878 1683 911 sua
1715 863 2082 913 Constitutione
2105 867 2279 930 jussit,
2315 869 2416 917 elec
2453 890 2540 910 0

180 957 270 1006 per
301 942 585 1004 hujusmodi
618 943 751 991 viam
786 944 1126 1007 compromissi
1165 945 1240 990 est
1273 942 1539 989 canonicus
1571 945 1621 988 et
1654 957 1803 990 verus
1835 945 1990 1006 Papa.
2166 932 2169 934 ’
2432 931 2436 934 ’
2527 995 2535 1008 ‚-

307 1021 501 1069 Tertius
531 1023 706 1070 modus
742 1038 830 1070 seu
862 1023 1023 1071 forma
1057 1021 1306 1069 electionis
1336 1020 1550 1068 Romani
1581 1021 1837 1069 Pontificis
1874 1026 1975 1084 est,
2012 1038 2140 1086 quae
2170 1026 2380 1072 vocatur
2410 1014 2501 1086 psi

181 1101 482 1162 scrutinium,
517 1101 596 1149 vel
630 1117 719 1164 per
749 1102 1037 1150 scrutinium
1071 1103 1120 1148 et
1154 1114 1422 1161 accessum,
1455 1100 1597 1161 cujus
1631 1100 1820 1148 formae
1850 1101 1977 1149 ritus
2013 1102 2283 1151 secundum
2308 1102 2408 1150 Gre
2454 1123 2461 1143 ·
2486 1116 2510 1139 -·

177 1179 370 1228 rianam
406 1178 837 1242 Constitutionem,
869 1194 999 1243 quae
1031 1179 1139 1227 vult
1171 1193 1273 1226 non
1306 1174 1467 1226 solum
1502 1180 1795 1227 scrutinium
1814 1179 1921 1227 fieri
1943 1184 2202 1244 secretum,
2239 1180 2326 1228 sed
2351 1180 2434 1229 eti
2464 1190 2499 1222 n*

180 1273 447 1321 accessum,
479 1259 699 1307 continet
730 1262 829 1306 tres
862 1258 1096 1319 actioneS,
1131 1256 1334 1304 alteram
1369 1249 1499 1318 quae
1529 1260 1935 1322 antescrutinium,
1970 1260 2175 1308 alteram
2209 1274 2339 1324 quae
2365 1275 2390 1308 8

179 1339 363 1400 tiniam,
399 1342 448 1386 et
481 1339 679 1386 tertiam
713 1353 841 1402 quae
865 1338 1262 1400 postscrutinium
1297 1336 1538 1399 appellari
1569 1342 1746 1400 potest.

306 1416 662 1464 Antescrutinii
696 1420 837 1465 actus
873 1420 990 1465 sunt
1018 1416 1249 1479 quinque,
1285 1414 1539 1463 videlicet:
1572 1419 1886 1480 praeparatio
1913 1419 2255 1467 schedularum
2280 1433 2390 1466 scru
2497 1426 2511 1474 J
2531 1408 2540 1466 J

181 1498 231 1543 et
264 1510 507 1557 accessus,
542 1496 785 1544 extractio
820 1498 1154 1543 scrutatorum
1188 1498 1235 1541 et
1270 1494 1617 1556 deputatorum
1650 1512 1740 1559 pro
1772 1497 1900 1545 votis
1935 1497 2239 1546 infirmorum
2271 1511 2362 1559 per
2394 1511 2478 1549 sor
2499 1507 2536 1543 .ῖ

179 1577 295 1636 tem,
330 1574 530 1636 scriptio
566 1574 908 1623 schedularum
943 1574 1180 1634 scrutinii,
1217 1588 1384 1620 earum
1419 1573 1747 1636 complicatio,
1785 1576 1834 1620 et
1869 1574 2164 1636 obsignatio.
2534 1573 2539 1575 ’

311 1652 667 1702 Schedularum
697 1653 1014 1717 praeparatio
1050 1652 1115 1701 ad
1143 1653 1406 1715 magistros
1438 1651 1857 1700 caeremoniarum
1891 1653 2142 1715 pertinet,
2173 1654 2259 1717 qui
2291 1669 2375 1702 eas
2408 1653 2517 1702 1111τ

180 1746 394 1794 pressas,
427 1732 515 1779 ubi
548 1732 653 1780 fieri
683 1734 878 1795 poterit,
916 1731 1137 1795 alioquin
1170 1732 1315 1779 unius
1349 1747 1523 1780 manus
1549 1732 1755 1793 scriptas
1780 1721 2048 1780 secundum
2069 1732 2277 1781 formam
2299 1732 2442 1781 inferi

112 1804 118 1810 ’
180 1810 553 1860 describendam
583 1812 822 1875 accipient
852 1815 954 1860 tam
987 1827 1077 1874 pro
1114 1811 1350 1859 scrutinio
1383 1826 1532 1873 quam
1566 1802 1655 1873 pro
1692 1825 1909 1872 accessu,
1946 1816 1996 1859 et
2018 1816 2205 1874 ponent
2226 1814 2277 1860 in
2303 1743 2540 1952 duob-1¹3}

86 1909 100 1923 κ
179 1889 326 1946 discis
355 1891 508 1953 vulgo
539 1891 684 1939 bacili
711 1892 1034 1954 nuncupatis,
1080 1905 1205 1953 quos
1250 1891 1302 1937 in
1344 1905 1517 1938 mensa
1560 1893 1677 1938 ante
1720 1890 1877 1938 altare
1916 1891 2248 1953 collocabunt,
2297 1895 2354 1939 ut
2385 1891 2471 1939 ind

179 1969 374 2034 possint
408 1970 699 2032 cardinales,
738 1985 849 2018 cum
884 1986 1009 2043 opus
1042 1969 1207 2031 fuerit,
1243 1969 1500 2017 schedulas
1534 1983 1739 2016 sumere.

307 2049 493 2098 Forma
524 2053 687 2098 autem
720 2050 987 2099 schedulae
1018 2049 1266 2111 scrutinii,
1317 2048 1483 2111 quoad
1529 2048 1635 2109 ejus
1682 2047 1892 2111 figuram
1940 2049 2149 2111 attinet,
2200 2049 2293 2097 erit
2342 2049 2538 2096 alter

109 2123 139 2196 ι’
178 2132 324 2193 parte
355 2128 580 2191 longior,
628 2128 724 2177 hoc
753 2131 829 2176 est
858 2128 970 2191 plus
1002 2129 1184 2192 longa,
1236 2143 1385 2200 quam
1418 2128 1545 2187 lata;
1594 2126 1854 2188 longitudo
1900 2127 2006 2189 ejus
2055 2127 2147 2175 erit
2189 2127 2292 2175 fere
2334 2143 2366 2189 p
2468 2127 2483 2179 f
2521 2183 2523 2187 ,

177 2205 391 2256 latitudo
427 2210 591 2255 autem
623 2207 811 2255 dimidii
843 2207 1009 2270 palmi.
1080 2208 1188 2265 Quo
1238 2221 1358 2255 vero
1408 2204 1473 2253 ad
1507 2208 1744 2253 contenta
1774 2205 1826 2252 in
1875 2220 1965 2267 ea,
2011 2206 2063 2253 in
2112 2206 2348 2254 anteriori
2392 2207 2463 2269 61,
2491 2207 2493 2209 ’

178 2289 338 2349 parte,
373 2301 501 2349 quae
531 2285 792 2334 brevitatis
827 2286 989 2347 gratia
1019 2285 1168 2334 facies
1200 2285 1446 2333 nominari
1478 2286 1660 2347 potest,
1696 2283 1794 2331 tria
1825 2284 2077 2333 continere
2108 2285 2277 2334 debet:
2324 2285 2484 2348 primo
2528 2305 2540 2356 ξ

178 2364 231 2412 111
263 2365 504 2427 superiori
535 2367 679 2428 parte
694 2400 707 2426 ,
758 2364 1027 2412 secundum
1061 2366 1168 2428 ejus
1199 2364 1541 2424 latitudinem,
1592 2362 1688 2411 duo
1733 2363 1856 2411 haec
1905 2364 2060 2412 verba
2103 2380 2192 2428 eqo>
2219 2365 2486 2416 cardinalis
2531 2378 2536 2403 ῑ

138 2469 142 2475 »
181 2459 291 2493 cum
321 2447 465 2492 tanta
499 2443 561 2491 ab
597 2443 807 2492 invicem
841 2443 1094 2505 distantia,
1129 2447 1185 2491 ut
1216 2444 1344 2491 inter
1376 2444 1488 2505 ipsa
1518 2456 1698 2489 nomen
1731 2443 1986 2505 proprium
2018 2444 2283 2493 cardinalis
2317 2445 2503 2507 eligen*
2536 2442 2540 2486 ἶ

420 2571 667 2620 Exemplum
680 2569 801 2610 faciei
814 2552 1037 2610 schedulae
1051 2574 1253 2611 scrutinii.
1422 2570 1667 2620 Exemplum
1685 2569 1807 2608 faciei
1820 2571 2042 2608 schedulae
2053 2569 2257 2609 accessus.

2526 3139 2540 3187 ...
2529 3093 2531 3097 Δ
2490 2799 2540 3062 *ψψΜιέ
2496 2500 2540 2782 mausz>
2500 2444 2505 2451 ·

449 3318 589 3381 Elige
611 3321 663 3367 in
683 3320 926 3368 Summum
946 3322 1219 3384 Pontificem
1465 3322 1649 3370 Accede
1669 3321 1859 3368 Rev.mo
1882 3320 2087 3368 Domino
2109 3337 2208 3370 meo

466 3383 615 3429 men
640 3384 702 3431 D.
736 3401 887 3432 meum
922 3389 978 3434 de
1002 3387 1204 3435 Cardin.
1685 3385 1747 3432 D.
1786 3385 1986 3432 Cardin.
