2540 4282
150 166 209 217 30
885 167 1108 208 Anocutio
1139 163 1219 206 ss.
1250 157 1304 204 D.
1337 165 1392 205 N.
1425 163 1494 204 Pii
1524 164 1614 204 PP.
1647 163 1731 204 IX.

144 314 258 382 jam
296 311 610 382 pignoribus
648 314 854 362 vestrae
892 308 1015 360 fidei
1053 305 1471 375 concordiaeque
1509 303 1756 374 acceptiS,
1796 308 1999 355 certum
2038 303 2248 357 omnino
2287 321 2350 358 ac
2378 321 2470 357 ex·
2511 287 2530 365 ,³

150 398 418 467 ploratum
456 398 728 451 habemus„
804 394 1041 465 Spondet
1078 393 1133 445 id
1171 392 1340 445 Nobis
1377 395 1614 461 spectata
1650 392 1828 442 vestra
1876 389 2154 457 integritas
2204 406 2267 441 ac
2319 406 2511 459 prae-

151 489 296 536 stans
332 484 516 552 virtue,
557 501 692 553 quae
730 498 936 550 semper
974 479 1174 550 ubique
1213 478 1293 530 sui
1331 477 1531 543 similis,
1571 480 1623 528 et
1663 475 1805 527 omni
1841 474 2078 544 periculo
2116 475 2285 545 major
2322 475 2472 528 efful-

149 569 240 622 sit:
280 569 506 640 spondet
542 567 674 620 illud
712 568 900 636 ingens
938 566 1175 619 studium
1214 569 1267 618 et
1304 563 1479 631 ardor,
1519 562 1609 632 qui
1646 579 1741 614 vos
1779 560 1848 613 ad
1887 565 2160 613 aeternam
2195 559 2473 621 11011151111111
2515 574 2529 595 ··

151 655 376 709 salutem
413 654 715 721 curandam,
755 657 807 705 et
847 653 915 712 ad
955 653 1192 706 divinam
1229 648 1653 720 amplificandam
1681 648 1908 718 gloriam
1932 647 2071 717 rapit
2096 651 2257 717 atque
2289 650 2471 717 urget:

148 738 377 809 spondet
412 740 467 792 id
505 739 719 793 demum
758 757 818 791 ac
857 740 1146 791 certissime
1186 735 1412 807 spondet
1437 735 1678 803 sublimis
1703 734 1795 786 illa
1821 734 2006 801 oratic,
2046 751 2206 803 quam
2231 732 2472 787 Christus
2527 747 2531 755 ¹

147 825 260 895 ipse
298 808 723 891 ante'extremos
762 826 1026 877 cruciatus
1065 842 1188 877 suos
1225 824 1295 877 ad
1332 824 1551 876 Patrem
1605 821 1825 885 obtulit,
1880 821 2031 873 illum
2083 821 2472 889 precatus',²ut
2521 822 2530 858 ι’

151 927 365 979 „omnes
402 927 562 964 unum
600 916 728 979 sint,
779 916 917 983 sicut
951 918 1002 965 tu
1048 912 1204 965 Pater
1240 916 1296 965 in
1333 925 1417 963 me
1456 914 1507 962 et
1543 924 1634 975 696
1672 912 1728 961 in
1773 909 1862 974 Te,
1911 914 1969 960 ut
2004 913 2055 959 et
2087 910 2193 973 ipsi
2229 910 2285 960 in
2321 907 2473 959 nohis
2504 960 2513 971 ,

147 1013 304 1051 unum
342 993 475 1049 sinff‘
510 994 565 1059 ²,·
617 997 702 1047 cui
739 995 1032 1066 precationi
1084 995 1200 1046 fieri
1250 1011 1525 1064 nunquam
1575 997 1776 1063 potest,
1830 996 1889 1044 ut
1937 993 2165 1045 Divinus
2218 1008 2325 1043 non
2378 989 2470 1044 ad-

148 1086 278 1135 nuat
315 1082 495 1135 Pater.
2291 1078 2299 1090 ³
2524 1068 2527 1070 ’

288 1168 453 1221 Nobis
491 1174 687 1235 autem,
747 1169 1077 1222 Venerabiles
1117 1171 1356 1235 Fratres,
1409 1170 1542 1222 nihil
1581 1169 1860 1235 optabilius
1900 1173 2002 1232 est,
2056 1182 2213 1234 quam
2259 1171 2317 1220 ut
2353 1180 2469 1219 eum
2524 1202 2534 1214 .

145 1251 391 1320 fructum,
431 1269 582 1320 quem
617 1258 849 1307 maxime
887 1257 1178 1309 salutarem
1217 1272 1280 1308 ac
1315 1253 1552 1321 faustum
1589 1254 1860 1306 Ecclesiae
1897 1258 2177 1307 universae
2210 1248 2326 1318 fore
2365 1253 2480 1305 du-·
2530 1251 2534 1254 ⁴

147 1344 338 1407 cimus,
393 1355 458 1392 ew
510 1340 609 1392 hac
659 1342 844 1393 eadem
890 1346 1067 1393 vestra
1106 1357 1221 1394 cum
1259 1342 1562 1408 Apostolica
1605 1341 1741 1392 Sede
1779 1342 2140 1404 conjunctione
2178 1342 2466 1405 capiamus,

147 1426 364 1483 Jamdiu
403 1429 540 1478 enim
579 1430 754 1478 animo
793 1429 1119 1492 aquamanus,
1161 1427 1297 1492 quod
1330 1426 1573 1493 pluribus
1613 1429 1772 1478 etiam
1818 1426 2201 1479 Venerabilium
2227 1425 2469 1477 Fratrum

147 1511 458 1564 Nostrorum
492 1526 591 1578 pro
629 1526 807 1564 rerum
846 1512 1110 1576 adjunctis
1147 1516 1382 1579 innotuit,
1423 1527 1485 1564 ac
1522 1513 1656 1564 illud
1694 1515 1866 1578 etiam,
1903 1511 1993 1564 ubi
2026 1515 2256 1578 primum
2293 1513 2470 1577 optata
2521 1512 2523 1514 ’

150 1597 312 1650 Nobis
351 1600 709 1663 opportunitas
747 1599 944 1664 aderit,
1000 1595 1203 1663 efficere
1257 1600 1542 1665 aliquando
1581 1613 1737 1665 posse
1789 1598 2123 1665 confidimus,
2158 1611 2364 1664 ‚nempe
2413 1600 2473 1650 ut

146 1696 355 1734 sacrum
394 1684 779 1734 oecumenicum
818 1687 869 1735 et
902 1686 1151 1750 qenerale
1191 1686 1424 1737 omnium
1462 1684 1845 1751 Episcoporum
1884 1684 2128 1737 catholici
2173 1682 2326 1736 Orbis
2363 1681 2468 1736 ha-
2524 1670 2531 1675 ⁴

146 1767 360 1819 beamus
404 1767 707 1834 Concilium,
747 1783 843 1834 quo
884 1771 1092 1822 collatis
1132 1773 1368 1824 consiliis
1406 1774 1796 1837 conjunctisque
1832 1771 2023 1823 stadiis
2059 1771 2368 1822 necessaria
2405 1783 2470 1842 ac

146 1855 405 1905 salutaria
442 1854 690 1918 remedia,
731 1859 805 1906 tot
839 1860 1158 1921 praesertim
1194 1858 1366 1923 maliS,
1407 1857 1589 1923 quibus
1628 1855 1870 1908 Ecclesia
1903 1858 2170 1921 premitur,
2211 1853 2323 1907 Deo
2362 1854 2470 1907 ad-

143 1943 364 2005 juvante,
404 1939 760 1992 adhibeantur.
822 1940 900 1992 Ea:
938 1942 1033 1993 hoc
1066 1939 1312 2008 profecta,
1351 1947 1425 1995 uti
1461 1945 1751 1995 maximam
1777 1956 1926 2008 spem
1951 1941 2215 2006 habemu3‚
2255 1943 2468 2007 eveniet,

145 2029 202 2077 ut
241 2024 539 2076 Catholicae
577 2029 813 2078 veritatis
851 2029 970 2093 luat,
1015 2043 1254 2081 errorum
1295 2030 1520 2082 tenebris
1573 2028 1756 2094 quibus
1794 2029 2094 2080 mortalium
2131 2030 2329 2079 mentes
2368 2025 2477 2078 ob·⁴

145 2113 413 2164 volvuntur
452 2115 663 2177 amotis,
717 2115 951 2165 salutare
991 2128 1144 2165 suum
1183 2115 1358 2166 lumen
1398 2113 1679 2180 diffundat,
1720 2128 1816 2180 quo
1854 2115 1936 2166 illi
1971 2128 2153 2165 veram
2191 2114 2380 2166 salutis
2419 2117 2472 2167 et

87 2229 91 2233 ἡ
142 2200 377 2260 iustitiae
412 2201 666 2264 semitam,
706 2200 1013 2265 adspirante
1041 2199 1140 2252 Dei
1178 2204 1364 2266 qratia,
1405 2197 1695 2266 aynoscant
1730 2204 1782 2252 et
1812 2203 2016 2252 instent.
2093 2198 2175 2251 Ea:
2212 2199 2307 2251 hoc
2343 2201 2466 2251 item

146 2287 368 2349 eveniet,
419 2288 477 2336 ut
510 2284 748 2337 Ecclesia
788 2287 948 2338 veluti
986 2289 1179 2338 invicta
1218 2291 1512 2339 castrorum
1550 2290 1694 2339 acies
1733 2287 1979 2338 ordinata
2018 2285 2234 2338 hostiles
2279 2287 2466 2338 inimi·
2532 2321 2537 2326 -

144 2384 321 2421 corum
359 2374 576 2421 conatus
612 2371 866 2437 retundat,
905 2375 1129 2437 impetus
1158 2369 1384 2438 franqat,
1424 2388 1486 2424 ac
1515 2374 1578 2424 de
1604 2375 1737 2438 ipsis
1765 2371 2091 2441 triumphans
2115 2372 2246 2423 Jesu
2277 2370 2468 2423 Christi

148 2455 378 2520 Reqnum
413 2458 467 2506 in
507 2459 659 2507 terris
698 2458 850 2522 lonye
888 2458 1094 2523 lateque
1128 2462 1386 2523 propayet
1420 2474 1482 2510 ac
1515 2455 1765 2524 proferat.
2296 2478 2301 2480 *

286 2541 441 2592 Nunc
477 2557 603 2592 vero
642 2546 702 2592 ut
739 2546 863 2594 vota
888 2541 1089 2594 Nostra
1125 2542 1460 2611 impleantur,
1499 2546 1667 2611 utque
1690 2541 1917 2604 Nostrae
1955 2546 2270 2610 vestraeque
2307 2556 2467 2593 curae

144 2625 334 2677 uberes
365 2626 604 2693 justitiae
641 2626 844 2690 fructus
884 2627 1198 2680 Christianis
1237 2629 1459 2681 afferant
1498 2628 1738 2698 populiS,
1791 2627 1860 2679 ad
1898 2627 2074 2679 Deum
2114 2627 2282 2678 omnis
2311 2626 2465 2694 justi-

145 2709 251 2761 tiae
291 2715 342 2760 et
378 2709 630 2761 bonitatis
668 2711 868 2762 fontem
907 2713 1174 2782 erigamus
1213 2715 1410 2782 oculos,
1448 2715 1503 2765 in
1530 2713 1648 2774 Quo
1689 2715 1858 2766 omnis
1897 2712 2172 2783 plenitudo
2212 2711 2465 2782 praesidii

147 2799 198 2845 et
235 2794 438 2863 gratiae
478 2796 692 2847 ubertas
730 2798 1065 2865 sperantibus
1113 2800 1369 2852 collocata
1407 2805 1501 2852 est.
1575 2799 1709 2852 Cum
1747 2804 1926 2852 autem
1964 2799 2282 2852 advocatum
2319 2798 2463 2868 apud

145 2879 360 2931 Patrem
412 2880 702 2933 habeamus
742 2882 777 2934 J
781 2899 929 2934 esum
978 2884 1247 2936 Christum
1285 2885 1482 2936 Filium
1531 2884 1661 2953 Ejus
1699 2884 2017 2937 Pontificem
2070 2901 2325 2954 magnum
2371 2883 2470 2954 qui>

145 2967 441 3034 penetravit
480 2969 684 3035 coeIOS,
738 2970 827 3038 qui
866 2987 1073 3039 semper
1111 2971 1295 3023 vivens
1333 2971 1636 3040 interpellat
1674 2987 1769 3040 pro
1808 2970 1992 3037 nobiS,
2048 2971 2245 3040 quique
2279 2970 2335 3022 in
2374 2970 2463 3022 ad-

145 3052 374 3103 mirabili
410 3054 775 3107 Eucharistiae
815 3055 1154 3108 Sacramento
1208 3056 1487 3108 nobiscum
1542 3061 1621 3109 est
1668 3055 1911 3108 omnibus
1963 3055 2150 3108 diebus
2188 3043 2354 3124 usque
2391 3054 2460 3107 ad

147 3140 650 3192 consummationem
689 3142 911 3208 saeculi,
965 3142 1106 3194 hunc
1143 3141 1559 3211 Redemptorem
1612 3142 2059 3208 amantissimum,
2112 3140 2461 3208 Venerabiles

144 3221 387 3290 FratreS,
435 3242 692 3294 ponamus
730 3230 791 3277 ut
829 3227 1159 3295 signaculum
1198 3244 1356 3297 super
1394 3245 1483 3279 cor
1519 3232 1790 3295 nostrum,
1839 3233 1898 3279 ut
1935 3227 2265 3296 signaculum
2302 3243 2461 3295 super
2524 3258 2540 3284 2

146 3306 434 3359 brachium·
456 3316 709 3379 nostrum,
748 3315 921 3380 atque,
947 3312 1015 3364 ad
1052 3314 1219 3365 altare
1257 3313 1406 3379 illud,
1444 3312 1538 3365 ubi
1574 3313 1689 3382 ipse
1716 3315 1932 3378 ,Auctor
1969 3312 2171 3381 gratiae
2209 3311 2459 3364 thronum

146 3392 536 3447 misericordiae
575 3397 858 3466 constituit,
897 3398 989 3449 ubi
1029 3415 1224 3465 011111οε,
1266 3399 1357 3468 qui
1394 3398 1639 3451 laborant
1679 3403 1731 3452 et
1770 3398 1972 3451 onerati
2010 3402 2146 3463 sunt,
2188 3395 2459 3449 reficiendi
2533 3420 2540 3421 ⁷⁷

147 3476 367 3546 cupidus
419 3487 717 3550 exspectat,
775 3488 982 3535 nostras
1035 3484 1246 3536 assidue
1298 3501 1480 3553 preces
1536 3485 1679 3536 omni
1731 3502 1851 3551 cum
1898 3483 2092 3535 fiducia
2143 3482 2457 3535 deferamus.

146 3561 284 3614 Eum
321 3563 498 3633 itaque
537 3566 647 3617 sine
684 3568 1070 3627 intermissione
1108 3570 1484 3639 humiliterque
1513 3571 1865 3636 obsecremus,
1903 3573 1963 3620 ut
1988 3569 2282 3622 Ecclesiam
2309 3582 2458 3621 suam
2498 3631 2502 3638 ,

147 3646 177 3699 a
213 3649 373 3699 tantis
411 3650 796 3705 calamitatibus
835 3661 886 3706 et
924 3656 1066 3708 omni
1105 3655 1404 3707 discrimine
1444 3661 1626 3723 eruat,
1684 3656 1838 3724 eique
1875 3656 2068 3708 laetam
2106 3656 2249 3724 pacis
2287 3655 2456 3712 vicem
2513 3673 2532 3686 *³

147 3733 526 3803 victoriamque
565 3735 629 3787 de
668 3736 907 3792 hostibus
947 3740 1136 3807 donet,
1188 3745 1247 3792 ut
1284 3741 1452 3793 Nobis
1508 3759 1568 3794 ac
1615 3740 1767 3793 vobis
1805 3732 1975 3794 novas*
2006 3759 2174 3811 usque
2211 3741 2356 3793 vires
2388 3739 2456 3792 ad

147 3817 230 3902 sui
265 3816 506 3871 Nominis
543 3820 766 3888 gloriam
803 3826 1199 3893 provehendam
1237 3826 1423 3895 addat,
1462 3832 1522 3880 ut
1559 3827 1648 3879 illo
1684 3826 1831 3895 igne,
1870 3844 2026 3896 quem
2066 3827 2212 3880 venit
2247 3826 2456 3878 mittere
2505 3848 2534 3901 ἢ·

265 4011 284 4040 ¹
312 4015 355 4056 S.
390 4016 516 4056 Joan.
550 4028 584 4056 c.
621 4018 686 4057 17.
718 4031 759 4058 v.
791 4018 858 4058 21.
