2540 4282
671 111 872 154 Litterae
903 111 1192 165 Apostolicae
1223 109 1301 153 SS.
1334 111 1391 152 D.
1421 110 1478 151 N.
1508 109 1580 151 Pii
1610 110 1702 151 PP.
1733 109 1820 151 IX.
2358 102 2420 152 55

0 242 7 311 ἒ
76 258 332 332 pacisque
368 253 605 323 Auctor,
656 259 743 322 qai
781 260 1028 322 operatus
1067 260 1147 308 cst
1178 258 1235 308 in
1272 255 1447 307 medio
1488 259 1662 306 terrac
1709 254 1963 318 salutem,
2017 257 2205 320 quique
2244 256 2420 307 oriens

0 337 7 374 ³
52 360 154 402 cx
190 346 294 397 allo
340 360 528 411 pacem
565 344 668 396 sibi
706 348 975 409 acceptam
1014 346 1066 393 et
1101 340 1166 393 ab
1207 341 1447 393 omnibus
1499 341 1880 408 acceptandam
1932 342 2197 393 evidenter
2236 346 2419 393 osten-

48 427 243 497 flydens,
303 445 422 483 cam
474 434 530 483 in
582 435 698 482 orta
751 444 847 480 suo
886 428 1206 493 Anqelorum
1243 430 1535 480 ministerio
1575 428 1742 480 bonae
1794 429 2077 480 voluntatis
2126 427 2420 480 hominibus

50 511 360 587 -aunciavit,
401 523 453 570 ct
485 521 620 570 inter
659 518 898 568 homines
936 518 1277 565 conversatas
1315 513 1470 565 verbo
1512 515 1707 580 docuit,
1744 515 2079 580 praedicavit
2114 515 2352 579 exemplo
2383 510 2418 567 ¹.

226 601 353 654 Jam
391 619 518 655 vero
560 618 680 653 cum
732 617 904 669 nuper
958 599 1023 651 de
1063 597 1472 650 venerabilium
1508 599 1762 651 Fratrum
1798 600 2116 653 Nostrorum
2164 597 2216 650 S.
2253 597 2319 650 R.
2357 597 2421 650 E.

0 720 7 724 -
75 679 446 742 LGardinalium
483 686 700 739 consilio
741 685 1155 737 Oecumenicam
1195 682 1474 754 Synodum
1510 683 1691 736 futuro
1730 703 1868 737 anno
1906 684 2113 738 Romae
2151 684 2422 738 celebran-

0 832 3 866 {
35 845 41 855 ι

51 791 55 795 ·
83 772 222 841 dam,
260 791 323 826 ac
361 772 447 824 die
487 776 674 824 octavo
701 772 898 823 mensis
924 770 1221 824 decembris
1245 769 1632 823 Immaculatae
1656 771 1924 841 Deiparae
1950 772 2192 841 Virginis
2218 771 2422 825 Mariae

0 858 431 935 {[·<,Conceptioni
470 876 618 910 sacro
657 858 1018 928 incipiendam
1056 857 1409 909 indixerimus
1450 862 1502 909 et
1542 860 2038 926 convocaverimuS,
2088 875 2275 910 vocem
2313 856 2422 910 No-

38 941 54 994 -Ϊ
84 949 248 999 stram
286 945 355 998 ad
394 963 488 998 vos
528 963 711 997 rursus
762 945 1072 1014 dirigimuS,
1126 948 1179 996 et
1233 944 1465 1012 majore,
1521 961 1627 1013 qua
1671 954 1983 1013 possumUS,
2037 945 2201 997 animi
2237 945 2422 998 Nostri

84 1034 421 1087 contentione
463 1032 576 1084 Vos
617 1031 982 1097 obsecramUS,
1029 1047 1309 1082 monemus
1348 1034 1400 1082 et
1442 1030 1799 1097 obtestamur,
1848 1035 1907 1082 ut
1946 1031 2014 1082 ad
2053 1031 2296 1084 eamdem
2332 1049 2424 1102 ge·
2476 1068 2478 1070 -
2531 1043 2540 1059 '·

0 1115 55 1190 ξ
82 1120 317 1173 neralem
356 1118 634 1188 Synodum
673 1119 958 1171 convenire
996 1117 1200 1184 velitis,
1253 1116 1705 1187 quemadmodum
1743 1117 1973 1186 Majores
2011 1116 2194 1171 Vestri
2232 1130 2422 1179 conve-

0 1193 3 1233 3
35 1210 276 1260 nerunt
315 1205 383 1258 ad
421 1204 717 1257 Concilium
752 1204 1115 1274 Lugdunense
1154 1204 1244 1271 II.,
1283 1221 1315 1255 a
1351 1204 1510 1256 recol.
1549 1221 1706 1256 mem.
1744 1205 1806 1256 B.
1847 1203 2110 1274 Gregorio
2148 1204 2217 1256 X.
2259 1205 2423 1258 Prae-

25 1285 51 1366 ⁸3
83 1292 360 1346 decessore
410 1292 607 1345 Nostro
660 1291 938 1360 habitum,
998 1295 1050 1343 et
1104 1290 1172 1342 ad
1226 1290 1597 1343 Florentinum
1650 1289 1948 1343 Concilium
1999 1310 2031 1344 a
2080 1292 2166 1344 fel.
2219 1291 2422 1346 record·

0 1401 2 1404 ·
46 1383 47 1388 ’
82 1378 326 1449 Eugenio
358 1378 493 1447 1V.‚
547 1379 675 1431 item
722 1379 1018 1431 Decessore
1056 1376 1254 1429 Nostro
1310 1376 1667 1445 celebratum,
1706 1382 1766 1429 ut
1820 1376 2118 1430 dilectionis
2171 1379 2423 1450 antiquae

22 1452 292 1535 &legibus
331 1465 632 1532 renovatis,
695 1469 747 1516 et
782 1464 1008 1516 Patrum
1045 1481 1207 1533 pace,
1262 1464 1478 1516 caelesti
1516 1463 1606 1515 illo
1660 1481 1722 1516 ac
1772 1464 1991 1516 salutari
2030 1464 2228 1517 Christi
2266 1464 2423 1531 dono,

24 1555 46 1580 ’·
83 1551 227 1622 quod
264 1555 507 1621 tempore
546 1551 772 1618 exaruit,
813 1549 882 1602 ad
919 1550 1162 1619 vigorem
1199 1551 1395 1602 iterum
1421 1553 1670 1602 revocata
1698 1547 1735 1618 ²,
1773 1556 1894 1620 post
1921 1551 2140 1622 longam
2166 1552 2423 1604 moeroris

28 1673 35 1709 >q
67 1636 334 1691 ‘nebulam
373 1643 425 1691 et
464 1637 669 1690 dissidii
708 1636 948 1689 diuturni
986 1641 1159 1689 atram
1196 1637 1571 1707 ingratamque
1621 1638 1905 1707 caliginem
1957 1655 2204 1690 serenum
2258 1638 2424 1690 omni·
2496 1656 2498 1663 ·

57 1708 185 1777 'bus
222 1725 434 1776 unionis
473 1728 688 1794 optatae
719 1723 882 1792 jubar
918 1723 1191 1775 illucescat
1219 1723 1258 1776 3.

226 1811 409 1882 Atque
446 1811 533 1864 hic
571 1811 638 1863 sit
670 1809 1089 1879 jucundissimus
1127 1810 1515 1863 benedictionis
1552 1811 1787 1879 fructUS,
1838 1829 1942 1881 quo
1982 1811 2225 1864 Christus
2263 1811 2442 1864 Jesus

28 1906 39 1967 f
82 1903 322 1950 nostrum
374 1897 612 1949 omnium
661 1897 925 1949 Dominus
983 1901 1036 1950 et
1082 1898 1414 1968 Redemptor
1452 1899 1860 1951 Immaculatam
1913 1915 1974 1950 ac
2028 1898 2424 1951 dilectissimam

20 1999 34 2014 ·'
85 1982 347 2055 Sponsam
382 2001 534 2036 suam
574 1984 891 2037 catholicam
930 1983 1229 2037 Ecclesiam
1278 1985 1613 2053 consoletur,
1667 1985 1889 2055 ejusque
1941 1989 2204 2054 temperet
2242 1989 2297 2037 et
2332 1984 2424 2037 ab·

19 2073 287 2139 djstergat
318 2071 571 2123 lacrimas
622 2071 678 2122 in
716 2070 817 2122 hac
856 2070 1147 2140 asperitate
1183 2075 1517 2141 temporum,
1570 2075 1660 2140 ut,
1715 2072 1859 2124 omni
1911 2070 2171 2124 divisione
2210 2071 2423 2141 penitus

87 2156 328 2224 sublata,
384 2175 541 2209 voces
593 2162 751 2210 antea
799 2157 1158 2227 discrepantes
1195 2158 1434 2228 perfecta
1473 2159 1689 2228 spiritus
1726 2159 2080 2211 unanimitate
2117 2157 2422 2211 collaudent

85 2242 278 2310 Deum,
318 2243 410 2312 qui
448 2261 555 2295 non
592 2243 708 2295 vult
746 2243 1031 2296 schismata
1071 2263 1186 2298 esse
1224 2246 1291 2296 in·
1317 2246 1489 2313 nobiS,
1529 2246 1640 2313 sed,
1679 2251 1738 2298 ut
1774 2245 1918 2298 idem
1958 2262 2140 2298 omnes
2186 2244 2423 2297 dicamus

86 2331 139 2380 et
175 2329 481 2396 sentiamus,
519 2328 767 2399 Apostoli
803 2347 935 2382 voce
959 2332 1259 2401 praecepit3
1298 2332 1733 2402 immortalesque
1760 2331 2246 2384 misericordiarum
2269 2331 2423 2384 Patri

84 2430 293 2484 semper
329 2404 555 2484 agantur
589 2416 798 2512 gratiae
836 2415 904 2467 ab
945 2416 1189 2468 omnibus
1223 2417 1430 2470 Sanctis
1470 2420 1594 2487 suis,
1625 2431 1696 2471 'ac
1733 2418 2045 2488 praesertim
2086 2436 2118 2470 a
2155 2417 2423 2488 gloriosis-

37 2542 49 2574 ..
85 2500 231 2552 simis
275 2501 379 2553 illis
417 2502 782 2555 Ecclefflarum
821 2502 1175 2555 Orientalium
1223 2504 1456 2574 antiquis
1493 2504 1746 2557 Patribus
1800 2510 1853 2558 et
1888 2503 2244 2572 DoctoribUS,
2301 2520 2423 2556 cum

40 2618 43 2622 ,
85 2585 154 2640 de
206 2588 353 2640 caelo
406 2589 732 2658 prospiciant
786 2589 1138 2642 instauratam
1192 2607 1253 2641 ac
1305 2589 1728 2659 redintegratam
1784 2608 1904 2643 cum
1957 2590 2059 2643 hac
2109 2589 2424 2661 Apostoliea

88 2670 226 2726 Sede
264 2675 553 2728 catholicae
592 2676 833 2728 veritatis
874 2680 926 2728 et
979 2677 1201 2728 unitatis
1255 2680 1436 2728 centro
1491 2677 1947 2745 conjunctionem,
2001 2694 2161 2746 quam
2213 2677 2317 2747 ipsi
2367 2676 2437 2728 in-

23 2826 40 2833 -
85 2759 244 2812 terris
280 2761 522 2814 viventes
560 2762 807 2823 omnibus
845 2762 1034 2815 studiis
1073 2767 1234 2833 atque
1272 2762 1554 2816 indefessis
1606 2763 1881 2816 laboribus
1933 2763 2114 2815 fovere
2163 2767 2216 2815 et
2252 2763 2425 2833 magis

22 2863 41 2893 .·
84 2844 141 2897 in
179 2846 292 2899 dies
329 2865 645 2918 promovere
683 2855 797 2901 tum
837 2849 1078 2902 doctrina
1125 2855 1240 2902 tum
1295 2849 1542 2920 exemplo
1583 2854 1865 2918 curarunt,
1917 2849 2108 2902 diffusa
2144 2849 2200 2901 in
2239 2866 2425 2902 eorum
2510 2893 2511 2898 ,

26 2999 29 3005 ¹
75 2932 338 2985 ‘cordibus
375 2951 471 3003 per
511 2932 769 3004 Spiritum
807 2935 1060 2988 Sanctum
1100 2937 1322 2989 caritate
1360 2936 1543 3005 Illius,
1595 2937 1685 3006 qui
1733 2935 1970 2988 medium
2021 2935 2285 2988 maceriae
2332 2951 2426 3005 pa-

87 3017 275 3071 rietem
326 3020 513 3088 solvit,
569 3038 628 3072 ac
666 3039 762 3091 per
802 3020 1132 3092 Sanguinem
1171 3041 1327 3075 suum
1367 3024 1543 3075 omnia
1583 3023 1885 3076 conciliavit
1934 3026 1986 3074 et
2033 3022 2275 3092 pacavit,
2332 3022 2425 3092 qui

89 3105 301 3175 signum
340 3105 719 3175 discipulorum
757 3125 974 3161 suorum
1026 3109 1082 3160 in
1134 3110 1340 3162 unitate
1391 3126 1507 3161 esse
1554 3109 1753 3177 voluit,
1809 3113 1861 3161 et
1914 3109 2062 3177 cujus
2114 3108 2298 3161 Oratio
2353 3108 2424 3162 ad

24 3191 26 3206 ³
86 3187 304 3244 Patrem
340 3197 586 3262 porrecta
625 3197 729 3245 est:
767 3193 939 3263 Rogo,
977 3201 1037 3247 ut
1075 3213 1258 3248 omnes
1292 3213 1461 3246 unum
1496 3195 1616 3262 sint,
1656 3196 1793 3247 sicut
1818 3199 1871 3246 et
1895 3194 2007 3246 Nos
2033 3189 2202 3245 unum
2224 3212 2424 3248 sumus

231 3278 433 3330 Datum
471 3278 677 3331 Romae
715 3280 858 3349 apud
897 3281 947 3333 S.
986 3281 1226 3348 Petrum,
1266 3280 1351 3333 die
1390 3283 1437 3332 8.
1480 3280 1800 3350 septembris
1838 3296 1977 3331 anno
2020 3281 2174 3333 1868.

232 3363 583 3417 Pontificatus
621 3365 804 3418 Nostri
841 3383 980 3418 anno
1019 3367 1455 3436 vigesimotertiO.

206 3567 223 3596 ¹
253 3571 396 3624 EpIst.
429 3572 481 3612 B.
513 3571 718 3624 Gregorii
749 3572 811 3612 X.
846 3571 902 3612 ad
932 3572 1198 3614 Michaelem
1228 3575 1573 3629 Palaeologum,
1606 3574 1765 3616 Graec.
1799 3576 1985 3632 Impen,
2026 3576 2097 3617 die
2129 3576 2197 3616 24.
2229 3576 2423 3617 octobris

93 3655 162 3684 an.
197 3645 322 3684 1272.

205 3712 222 3740 ²
252 3715 396 3769 Epist.
428 3715 599 3770 LXX„
632 3718 688 3757 al.
723 3716 911 3759 CCXX.
944 3719 989 3761 S.
1022 3721 1181 3762 Basilii
1211 3723 1368 3776 Magni
1398 3722 1455 3763 ad
1487 3722 1530 3764 S.
1564 3723 1810 3764 Damasum
1840 3723 2027 3776 Papam.

209 3782 227 3812 ³
257 3787 402 3828 Defin.
434 3786 479 3828 S.
512 3801 678 3829 oecum.
713 3789 884 3841 Synodi
914 3791 1108 3833 Florent.
1140 3797 1186 3835 in
1215 3795 1348 3837 Bulla
1377 3787 1563 3853 Eugeffdii
1597 3796 1678 3838 IV.
1708 3791 1938 3836 Laetenlur
1968 3793 2085 3839 coell-
