2540 4282
331 131 570 172 Decretum
598 141 759 171 novam
788 140 987 169 normam
1016 139 1097 180 pro
1129 125 1558 179 Congregationibus
1590 123 1884 166 Generalibus
1908 129 2123 167 statuens.
2317 118 2406 171 165

18 281 29 358 ζ
52 272 342 333 vminimum
367 274 637 339 Patribus,
676 272 1160 342 Congregationem
1203 269 1509 340 generalem
1536 272 1839 340 percontari
1863 276 2132 342 poterunt,
2171 292 2240 326 an
2266 275 2414 340 velit,

19 411 22 414 ⁴
64 363 505 433 disceptationem
544 359 745 412 diutius
784 357 1110 425 continuari3
1164 361 1244 423 et,
1295 357 1575 426 exquisitis
1614 375 1710 427 per
1749 364 1927 411 actum
1965 359 2283 428 assurgendi
2320 362 2411 414 vel

27 451 31 454 ’
62 449 286 504 sedendi
323 447 614 517 suffragiis,
662 445 822 496 finem
872 442 1187 495 discussioni
1237 442 1534 511 imponent,
1583 443 1626 496 si
1664 444 1720 497 id
1759 445 1950 514 majori
1987 445 2215 498 Patrum
2253 464 2411 516 prae-

61 528 294 594 sentium
333 551 553 586 numero
594 525 767 584 visum
804 531 980 583 fuerit.

18 606 22 609 ‚
209 624 289 674 12.
329 621 592 675 Absoluta
641 634 800 688 super
842 634 950 668 una
987 615 1270 668 schematis
1308 620 1461 685 parte
1512 615 1867 687 discussione,
1918 623 2208 689 antequam
2258 625 2405 673 tran-

17 693 194 771 ssssitus
232 708 325 760 fiat
359 705 426 758 ad
465 704 640 770 aliam,
681 701 991 755 Cardinales
1027 699 1313 754 Praesides
1358 701 1616 772 suffragia
1647 704 2094 776 Congregationis
2135 707 2426 777 generalis‘

17 811 25 815 ·
63 795 372 865 exquirent,
425 790 655 861 primum
704 787 922 859 quidem
972 805 1132 857 super
1181 788 1469 857 propositis
1506 788 1561 840 in
1600 806 1664 842 ea
1701 791 1819 861 ipsa
1858 791 2187 846 discussione
2227 811 2407 848 emen-

18 902 22 903 ’
62 878 384 945 dationibus,
423 875 615 928 deinde
654 891 813 944 super
851 874 1060 943 integro
1099 874 1267 943 partis
1306 875 1643 927 examinatae
1682 880 1852 930 textu.

60 947 77 954 Α
178 954 287 1018 '13.
328 962 615 1033 Suffragia,
662 966 778 1014 tum
817 958 976 1031 super
1014 958 1507 1028 emendationibuS,
1558 965 1673 1013 tum
1711 980 1871 1032 super
1910 964 2243 1034 singularum
2280 984 2405 1036 par·

60 1052 195 1106 tium
233 1056 404 1116 textu,
443 1051 516 1102 ita
554 1070 586 1103 a
622 1047 877 1100 Patribus
914 1046 1135 1099 Concilii
1171 1045 1428 1115 ferentur,
1466 1052 1527 1099 ut
1562 1047 1850 1101 Praesides
1890 1049 2153 1103 distinctis
2190 1051 2402 1105 vicibus

60 1137 132 1196 ad
165 1135 490 1207 surgendum
517 1135 760 1199 invitent,
799 1134 1032 1204 primum
1056 1150 1162 1202 eOS,
1202 1134 1293 1203 qui
1319 1133 1680 1187 emendationi
1706 1136 1793 1188 vel
1819 1138 1995 1190 textui
2019 1139 2403 1207 assentiuntur,

40 1223 256 1277 deinde
309 1241 423 1291 eOS,
474 1223 564 1293 qui
620 1221 1011 1275 contradicunt:
1065 1221 1340 1273 recensitis
1388 1225 1570 1274 autem
1617 1221 1908 1292 suffragiis,
1960 1222 2016 1276 id
2067 1223 2404 1295 decernetur,

63 1310 207 1381 quod
245 1310 433 1380 majori
470 1309 697 1361 Patrum
734 1326 959 1362 numero
999 1308 1274 1378 placuerit.

209 1400 289 1450 14.
329 1396 463 1450 Cum
516 1394 582 1447 de
631 1393 879 1446 omnibus
934 1394 1217 1447 schematis
1269 1393 1513 1464 partibus
1565 1394 1666 1449 hac
1715 1396 1925 1449 ratione
1979 1396 2236 1467 suffragia
2288 1398 2400 1450 lata

57 1484 284 1552 fuerint,
337 1482 404 1535 de
452 1481 756 1534 examinato
811 1481 1079 1533 schemate
1130 1481 1357 1533 Patrum
1405 1483 1697 1535 sententias
1750 1481 2064 1537 Cardinales
2116 1483 2404 1537 Praesides

0 1579 1 1607 ³
35 1569 345 1640 ·rogabunt.
397 1569 549 1621 Haec
585 1571 766 1619 autem
805 1566 1059 1636 suffragia
1099 1573 1349 1621 oretenus
1374 1567 1601 1621 edentur
1638 1587 1735 1639 per
1766 1569 1934 1623 verba
1966 1573 2146 1638 placet
2178 1575 2403 1625 autnon

58 1659 261 1725 placet;
297 1656 373 1708 ita
410 1659 607 1721 tamen,
645 1659 720 1720 ut,
756 1654 848 1722 qui
874 1653 1234 1707 conditionem
1258 1654 1495 1725 aliquam
1534 1654 1890 1725 adjiciendam
1929 1657 2253 1727 existiment,
2291 1657 2401 1711 suf-

57 1742 293 1812 fragium
331 1759 484 1802 suum
521 1741 718 1811 scripto
755 1739 969 1793 tradere
1008 1740 1254 1793 debeant.

212 1857 414 1910 Datum
452 1856 658 1909 Romae
696 1855 782 1908 die
821 1859 905 1909 20.
944 1856 1227 1910 Februarii
1269 1859 1421 1911 1870.

583 1985 860 2061 Philippus
899 1984 1048 2044 Gard.
1086 1985 1150 2045 de
1187 1986 1429 2063 Angelis,
1464 1988 1706 2043 Praeses.

576 2071 840 2132 Antonius
881 2072 1029 2132 Gard.
1068 2073 1131 2132 de
1170 2074 1328 2149 Luca,
1365 2077 1611 2131 Praeses.

579 2159 822 2219 Andreas
862 2159 1009 2219 Card.
1046 2160 1296 2236 Bizzarri,
1332 2163 1577 2217 PraeseS.

580 2245 832 2320 Aloysius
873 2246 1019 2305 Card.
1053 2247 1202 2322 Bilio,
1241 2250 1482 2304 Praeses.

575 2330 843 2391 Hannibal
881 2332 1028 2392 Card.
1062 2333 1285 2410 Gapalti‚
1323 2337 1566 2391 Praeses.

1264 2469 1553 2536 Joseplzus,
1592 2468 1692 2538 Ep.
1733 2468 1913 2521 Sancti
1951 2469 2252 2539 Hippolyti,
2334 2512 2337 2515 .
2429 2482 2433 2483 ’

1558 2554 1904 2608 Secretarius„
