2540 4282
1101 150 1104 153 -
1125 122 1348 176 Synabus.
1504 114 1509 119 ’
2342 114 2398 164 19

0 0 16 58 mm

41 261 56 274 ι
39 143 53 156 ν·
23 0 69 128 gal

87 99 90 102 .
69 0 85 53 ¹³—i

243 270 462 333 LVIII.
532 269 703 330 Aliae
742 269 895 330 vires
936 288 1054 329 non
1095 274 1230 327 sunt
1275 267 1673 345 agnoscendae
1733 266 1846 327 nisi
1906 266 2069 346 illae,
2135 286 2280 348 quae
2333 265 2396 326 in

4 417 6 419 ·
28 368 313 453 {materia
356 371 579 452 positae
626 376 785 449 sunt,
835 376 892 429 et
935 367 1122 429 omnis
1168 387 1394 427 morum
1440 366 1746 447 disciplina
1790 365 2176 445 honestasque
2223 364 2394 426 collo-

4 458 50 562 ’ξ
63 474 188 534 cari
232 472 402 532 debet
458 471 521 531 in
583 468 943 530 cumulandis
1005 474 1060 529 et
1122 466 1405 546 augendis
1468 467 1673 546 quovis
1732 466 1902 527 modo
1958 465 2172 526 divitiis
2229 485 2293 525 ac
2335 465 2398 524 in

8 569 460 654 voluptat1bus
507 570 827 651 explendis,

6 647 59 718 ‘42'
414 685 574 733 Alloc.
610 683 832 731 Maxima
866 683 1053 745 quidem
1087 684 1130 729 9.
1162 680 1290 743 junii
1324 680 1463 728 1862.

6 723 67 843 ἒ
409 764 566 827 Epist.
602 763 786 825 encycl.
824 762 1010 821 Quanto
1041 761 1349 825 conficiantur
1390 761 1462 807 10.
1499 757 1699 820 augusti
1737 758 1873 806 1863.

30 973 42 982 ν
238 896 399 967 LIX.
459 897 498 957 J
500 917 567 958 us
612 896 673 955 in
717 894 1004 956 materiali
1048 892 1195 953 facto
1227 889 1497 970 constitit,
1550 895 1605 950 et
1649 889 1843 950 omnia
1883 889 2182 951 hominum
2212 887 2396 952 officia

18 978 47 1042 3³³*
59 1004 202 1067 sunt
243 1019 455 1059 nomen
499 997 688 1077 inane,
739 1003 796 1058 et
840 996 1038 1057 omnia
1081 994 1337 1054 humana
1381 992 1532 1052 facta
1570 990 1721 1070 juris
1766 991 1886 1050 vim
1930 991 2163 1052 habent.

9 1055 53 1164 {3
406 1110 562 1159 Alloc.
599 1110 822 1158 Maxima
855 1110 1042 1172 quidem
1078 1109 1122 1156 9.
1152 1106 1282 1169 junii
1321 1107 1458 1154 1862.

149 1269 152 1275 Δ
238 1233 370 1294 LX.
433 1235 764 1296 Auctoritas
810 1235 957 1296 nihil
1000 1235 1159 1295 aliud
1205 1240 1290 1295 est
1334 1234 1448 1294 nisi
1499 1233 1725 1294 numeri
1781 1238 1836 1295 et
1880 1231 2266 1294 materialium
2310 1232 2394 1292 vi-

21 1291 213 1399 {fliium
256 1356 497 1397 summa.

408 1449 565 1498 AIloc.
600 1448 822 1498 Maoeima
856 1450 1044 1512 quidem
1079 1451 1123 1496 9.
1153 1448 1283 1511 junii
1321 1450 1457 1497 1862.

16 1539 54 1680 {³2
235 1571 398 1631 LXI.
473 1573 793 1635 Fortunata
848 1574 983 1634 facti
1041 1573 1327 1654 injustitia
1386 1573 1619 1634 nullum
1664 1573 1813 1652 juris
1872 1571 2164 1633 sanctitati
2218 1570 2392 1632 detri-

16 1670 321 1750 {mentum
366 1673 549 1734 affert.
823 1690 825 1692 ·

403 1785 562 1833 Alloc.
598 1785 898 1834 Jamdudum
933 1788 1168 1835 cernimus
1206 1789 1278 1836 18.
1313 1788 1476 1836 martii
1514 1788 1651 1836 1861.

18 1895 66 1981 {21
232 1909 426 1970 LXII.
475 1911 959 1971 Proclamandum
1003 1919 1088 1972 est
1134 1919 1189 1973 et
1230 1894 1661 1974 observandum
1705 1911 2054 1994 principium
2100 1912 2390 1992 quodvo-

0 2005 193 2079 „Jcant
235 2011 306 2070 de
350 2013 811 2071 non-interventu.

28 2112 48 2126 “¹
403 2126 560 2175 Alloc.
596 2126 755 2175 Novos
786 2133 827 2174 et
862 2134 970 2176 ante
1006 2129 1082 2176 28.
1119 2126 1411 2190 septembris
1448 2127 1586 2174 1860.

230 2250 457 2311 LXIII.
518 2251 823 2330 Legitimis
867 2252 1223 2332 principibus
1270 2250 1660 2312 obedientiam
1705 2250 2052 2329 detrectare,
2113 2249 2288 2312 immo
2336 2256 2392 2311 et

25 2352 339 2430 rebellare
383 2353 532 2413 licet.

401 2466 556 2528 Epist.
596 2466 780 2529 encycl.
825 2466 916 2525 Qui
942 2466 1164 2526 pluribus
1198 2466 1242 2511 9.
1278 2464 1561 2511 novembris
1601 2464 1763 2517 1846.

399 2546 556 2594 Alloc.
600 2546 802 2608 Quisque
831 2552 1035 2593 vestrum
1070 2546 1114 2591 4.
1148 2531 1365 2591 octobris
1405 2544 1541 2590 1847.

404 2625 563 2687 Epist.
601 2626 787 2688 encycl.
823 2624 1032 2672 Noscitis
1061 2630 1103 2671 et
1135 2623 1377 2670 nobiscum
1410 2625 1454 2670 8.
1490 2620 1762 2669 decembris
1802 2620 1939 2670 1849.
1992 2639 1995 2642 ⁴

0 2729 42 2780 ’,η’
398 2704 518 2751 Litt.
554 2704 731 2766 Apost.
771 2702 890 2750 Cum
925 2702 1156 2749 catholica
1191 2702 1266 2748 26.
1300 2699 1467 2748 martii
1506 2701 1641 2747 1860.

227 2835 448 2895 LXIV.
508 2837 661 2896 Tum
707 2836 986 2915 cujusque
1032 2833 1379 2894 sanctissimi
1401 2832 1720 2911 juramenti
1750 2833 2002 2913 violatio,
2051 2842 2175 2894 tum
2208 2855 2383 2915 quae-

0 3005 3 3008 ·
29 2934 194 3012 Jibet
255 2937 493 2996 scelesta
551 2937 952 3015 flagitiosaque
1011 2935 1155 2995 actio
1216 2934 1602 3013 sempiternae
1661 2934 1779 3012 legi
1839 2955 2205 3014 repugnanS‚
2269 2955 2386 2996 non
2437 3003 2443 3010 ,

29 3036 241 3102 .·‚'solum
284 3037 441 3096 haud
490 3043 574 3096 est
617 3037 1028 3117 improbanda⁷
1078 3056 1282 3096 verum
1330 3035 1501 3095 etiam
1547 3036 1779 3096 omnino
1824 3036 1981 3096 licita
2026 3036 2382 3116 summisque

0 3130 319 3225 >{laudibus
367 3137 672 3215 efferenda,
722 3138 952 3216 quando
999 3138 1058 3196 id
1104 3158 1207 3217 pro
1255 3137 1474 3215 patriae
1521 3156 1717 3199 amore
1763 3144 1982 3215 agatur.

393 3256 551 3304 Alloc.
597 3257 773 3315 Quibus
807 3258 1086 3319 quantisque
1121 3260 1198 3305 20.
1238 3256 1404 3318 aprilis
1445 3257 1584 3303 1849.

1081 3450 1130 3526 ξ.
1179 3447 1343 3510 vm.

644 3593 888 3654 Errores
936 3594 1003 3681 dc
1046 3597 1273 3654 matrim
1281 3598 1406 3655 onio
1455 3596 1778 3655 christiane.

0 3831 4 3836 λ
220 3755 411 3818 LXV.
479 3759 659 3819 Nulla
701 3761 924 3820 ratione
967 3760 1102 3819 ferri
1146 3746 1363 3840 potest,
1431 3760 1726 3820 Christum
1772 3761 2031 3822 evexisse
2076 3763 2367 3823 matrimo-

19 3838 211 3922 nium
254 3859 328 3918 ad
374 3858 713 3937 dignitatem
757 3861 1115 3921 sacramenti.

388 3970 505 4018 Litt.
538 3971 713 4033 Apost.
746 3973 827 4020 Ad
863 3976 1146 4035 apostolicae
1181 3977 1258 4023 22.
1296 3976 1498 4039 augusti
1537 3978 1674 4024 1851.
