2540 4282
834 105 1053 146 Monitum
1085 105 1139 146 de
1169 107 1302 146 tertia
1333 83 1547 146 sessione.
2266 99 2351 149 169

0 237 287 316 {benedicti
338 249 394 300 in
441 246 586 299 Oleis
630 245 941 299 benedictis,
1017 247 1390 301 Sanctionibus
1435 246 1862 317 quibuscumque
1910 263 1971 298 ac
2024 245 2251 300 decretis
2298 246 2356 298 in

0 318 343 400 {nontrarium
381 332 790 403 disponentibus
826 333 1045 385 minime
1084 333 1435 386 obstantibus,

162 449 266 502 Die
307 451 388 501 17.
427 448 710 501 Februarii
752 450 904 501 1870.

108 587 111 592 ²
151 562 208 615 O.
245 563 542 634 Episcopus
578 563 835 615 Portuen.
875 567 927 614 et
966 563 1018 615 S.
1056 562 1284 616 Rufinae
1325 562 1482 615 Card.
1521 561 1722 620 Patrizi
1756 563 1807 616 S,
1845 563 1910 616 R,
1950 562 2008 616 C,
2046 561 2224 614 Praef,

622 659 624 662 ’
976 678 1121 731 Loco
1160 679 1196 746 †
1234 674 1401 748 Signi.

1717 794 1778 847 D.
1818 795 2092 861 Bartolim',

1573 878 1625 930 S.
1664 878 1729 930 R.
1769 879 1825 932 C.
1866 879 2215 932 Secretarius

922 1347 1474 1417 MONITUM.

328 1493 802 1553 ANNUNGIATUR
838 1492 1166 1552 PATRIBUS
1204 1492 1454 1551 TERTIA
1493 1491 1721 1551 SESSIO
1760 1491 2041 1552 PUBLIGA

618 1626 712 1678 ΕΤ
750 1623 1006 1679 MODUS
1047 1624 1450 1679 SUFFRAGII
1485 1624 1748 1679 DANDI.

163 1812 300 1865 Cum
333 1815 451 1883 post
489 1811 723 1865 diutinos
761 1831 1062 1884 gravesque
1099 1813 1328 1883 laboreS,
1368 1814 1563 1885 quibus
1589 1814 1739 1867 Deus
1765 1814 2060 1883 benedixit,
2099 1815 2367 1867 sufficiens

14 1899 250 1950 imateria
309 1916 407 1969 pro
461 1898 778 1951 celebranda
828 1900 1044 1970 publica
1101 1899 1349 1954 Sessione
1402 1902 1458 1953 in
1509 1907 1763 1973 promptu
1819 1903 1916 1971 sit,
1971 1901 2063 1956 Ss.
2100 1901 2367 1954 Dominus

4 1983 223 2041 'INoster
272 1986 486 2053 statuit,
536 1991 597 2038 ut
641 1985 750 2039 III.
790 1987 963 2040 Sessio
1015 1986 1106 2040 SS.
1157 1987 1483 2040 oecumenici
1531 1987 1757 2041 Concilii
1801 1988 2055 2040 Vaticani
2100 1988 2367 2041 habeatur

15 2072 266 2142 proxima
302 2072 609 2140 Dominica,
661 2091 798 2142 quae
837 2078 915 2127 est
951 2074 1234 2127 Dominica
1270 2075 1326 2127 in
1364 2072 1550 2142 Albis,
1590 2073 1703 2127 dies
1742 2077 1826 2127 24.
1866 2075 2127 2128 currentis
2165 2075 2366 2128 mensis

27 2158 246 2227 Aprilis
999 2166 1002 2167 ’
1336 2172 1339 2175 ‘
1656 2156 1663 2162 ¹

165 2244 230 2296 In
279 2244 376 2297 hac
428 2244 678 2299 Sessione
731 2246 988 2317 suffragia
1022 2248 1248 2302 Patrum
1302 2248 1368 2301 de
1406 2247 1801 2301 Constitutione
1851 2247 2180 2318 dogmatica,
2230 2265 2368 2318 quae

21 2329 356 2383 inscribitur:
410 2333 491 2386 De
530 2334 658 2386 Fide
703 2333 997 2401 Cothonea,
1047 2335 1397 2405 exquirentur
1437 2335 1625 2387 eadem
1673 2335 1869 2403 forma,
1918 2352 2056 2404 quae
2104 2351 2276 2404 nuper
2313 2335 2370 2386 in

20 2415 460 2487 *Congregatione
506 2419 744 2487 generali
790 2418 1033 2473 adhibita
1085 2425 1188 2487 est,
1240 2422 1318 2474 ita
1368 2422 1593 2489 scilicet,
1647 2426 1707 2473 ut
1762 2422 1981 2473 nomina
2034 2421 2370 2490 singulorum

6 2501 245 2558 'Concilii
282 2504 507 2557 Patrum
539 2505 699 2574 juxta
738 2505 981 2558 ordinem
1019 2506 1296 2576 dignitatis
1346 2512 1401 2560 et
1436 2508 1790 2578 promotionis
1828 2508 1937 2559 alta
1975 2525 2105 2560 voce
2145 2507 2371 2560 reciten-
2427 2553 2430 2560 ζ
2514 2491 2518 2501 ’

26 2593 131 2658 tur,
168 2591 341 2661 iique,
397 2609 624 2661 quorum
662 2593 881 2645 nomina
917 2593 1118 2646 fuerint
1155 2595 1408 2662 recitata,
1447 2595 1628 2647 statim
1667 2598 1916 2663 surgant,
1956 2598 2009 2645 et
2046 2594 2156 2646 alta
2195 2606 2255 2646 ac
2291 2594 2372 2646 in-

24 2677 291 2747 telligibili
324 2695 456 2730 voce
494 2679 810 2749 suffragium
847 2680 1009 2733 edant
1046 2680 1450 2751 respondendo:
1491 2683 1679 2749 Placet,
1717 2682 1830 2733 vel:
1870 2682 1990 2734 Non
2031 2681 2222 2734 Placet.

165 2760 720 2817 Animadvertendum
758 2766 957 2836 quippe
997 2771 1092 2835 est,
1134 2767 1277 2837 quod
1314 2768 1371 2819 in
1409 2767 1624 2837 publica
1662 2767 1909 2820 Sessione
1938 2767 2100 2836 juxta
2136 2766 2370 2819 Litteras

25 2849 385 2920 Apostolicas:
436 2851 756 2918 Multiplices
803 2857 938 2906 inter
984 2852 1073 2906 dd.
1130 2856 1215 2906 27.
1260 2853 1583 2907 Novembris
1635 2855 1791 2906 1869.
1839 2871 1985 2906 num.
2023 2852 2209 2921 VIII„
2264 2870 2369 2923 quo

12 2935 214 2988 imodus
251 2935 578 3006 procedendi
614 2937 671 2988 in
709 2937 1046 2991 Sessionibus
1099 2939 1329 3009 publicis
1381 2940 1790 3010 praescribitur,
1850 2957 1959 2992 non
2010 2940 2169 2992 liceat
2216 2939 2372 2992 aliter

12 3020 338 3102 *suffragium
376 3020 523 3090 dare,
559 3023 662 3074 nisi
697 3022 831 3093 pure
859 3028 911 3076 et
936 3025 1248 3095 simpliciter
1274 3043 1370 3096 per
1396 3026 1586 3078 verba:
1629 3028 1821 3094 Placet,
1861 3031 1986 3079 aut:
2026 3028 2145 3079 Non
2180 3027 2371 3092 Placet,

13 3108 243 3161 «excluso
282 3108 387 3161 alio
428 3109 618 3178 quovis
657 3109 833 3163 modo,

165 3193 307 3246 Dies
335 3198 516 3246 autem
563 3195 843 3264 proximae
884 3196 1332 3267 Congregationis
1370 3198 1637 3267 generalis
1686 3203 1809 3268 post
1848 3197 2152 3251 Sessionem
2197 3177 2372 3269 publi-

14 3297 143 3332 =cam
178 3278 461 3333 habendae
512 3281 899 3350 significabitur
935 3282 1190 3336 Patribus
1243 3301 1340 3354 per
1379 3284 1644 3337 Monitum
1696 3285 1839 3354 typis
1892 3285 2214 3355 impressum
2263 3302 2372 3338 una

12 3376 146 3418 tcum
184 3370 522 3434 argumento,
561 3366 707 3436 quod
746 3367 801 3418 in
841 3385 903 3420 ea
939 3369 1278 3421 tractandum
1318 3370 1435 3422 erit.

167 3480 215 3533 E
253 3481 555 3534 Secretaria
594 3482 816 3535 Concilii
854 3482 1120 3551 Vaticani,
1159 3483 1210 3536 d.
1251 3486 1332 3537 18.
1371 3485 1575 3555 Aprilis
1617 3487 1771 3538 1870.

1514 3610 1801 3683 JoseploeuS,

1193 3698 1492 3770 Episcopus
1533 3700 1583 3752 S.
1623 3699 1926 3771 Hippolyti,
1967 3701 2230 3755 Secretar.
