2496 4264
1149 131 1303 190 Index.

2339 1706 2472 1747 98v

2353 167 2390 202 V

2288 291 2390 340 Pag.

67 358 174 402 XV.
214 358 445 413 Responsa
473 359 623 412 aliqua
647 357 1048 413 Congregationum
1074 359 1372 402 Romanarum
1403 360 1459 402 ad
1488 360 1735 414 jubilaeum
1766 364 1811 402 ct
1841 373 1996 416 preces
2027 362 2216 404 indictas

117 461 127 472 .
183 439 240 481 ob
269 438 469 481 futurum
501 438 746 481 Concilium
773 441 1041 494 pertinentia
2337 444 2391 485 85

266 520 322 562 A.
364 521 645 574 Responsum
667 518 713 561 S.
738 520 1110 561 Poenitentiariae
1136 519 1191 561 de
1223 520 1371 562 dubiis
1396 523 1518 563 circa
1535 518 1791 575 jubilaeum.
1825 521 1867 562 d.
1891 523 1927 563 1.
1957 522 2081 563 Junii
2106 523 2216 563 1869
2336 523 2390 564 85

267 599 318 641 Β.
358 601 639 655 Responsum
671 599 716 642 S.
749 598 1117 653 Congregationis
1150 598 1231 642 SS.
1262 600 1447 642 Rituum
1478 601 1530 642 de
1561 604 1702 643 missa
1741 606 1783 643 et
1813 603 1998 643 collecta
2029 602 2222 656 Spiritus
2317 601 2321 604 ’

380 680 426 724 S.
456 693 514 721 ex
543 682 773 722 occasione
804 678 992 721 Concilii
1022 681 1246 734 injunctis.
1295 680 1335 721 d.
1370 681 1410 722 3.
1440 681 1551 722 Julii
1585 683 1697 723 1869
2336 684 2391 724 89

269 759 319 803 C.
359 760 641 819 Responsum
682 759 725 803 S.
770 758 1136 813 Congregationis
1181 758 1564 812 Indulgentiarum
1609 765 1652 801 et
1697 759 1776 803 SS.
1818 762 2121 817 Reliquiarum
2166 762 2222 803 de

380 839 643 894 quibusdam
674 840 821 882 dubiis
854 842 973 881 circa
995 840 1257 894 jubilaeum.
1290 840 1330 881 d.
1364 842 1432 882 10.
1464 840 1553 882 Jul.
1586 842 1697 883 1869
2337 844 2388 885 91

264 921 319 962 D.
362 922 643 976 Responsum
684 919 728 963 S.
762 920 1128 974 Congregationis
1172 920 1252 964 SS.
1293 920 1506 975 Rituum,
1553 933 1639 975 quo
1686 921 1942 964 conceditur
1981 923 2218 978 Episcopis

379 1014 619 1058 eorumque
650 1002 979 1043 consultoribus
1011 1005 1054 1042 et
1093 1001 1365 1055 capellarum,
1410 1004 1462 1041 ut
1503 1003 1549 1042 in
1578 1004 1717 1043 missa
1762 1005 1805 1042 et
1833 1002 2056 1044 breviario
2097 1005 2224 1057 sequi

378 1085 554 1138 possint
585 1082 884 1124 calendarium
913 1082 1174 1123 Romanum.
1215 1080 1257 1122 d.
1290 1082 1358 1123 19.
1389 1080 1508 1134 Aug.
1543 1081 1655 1122 1869
1690 1112 1699 1122 .
2339 1086 2394 1125 93

63 1190 196 1233 XVI.
238 1181 462 1232 Elenchus
493 1193 688 1233 vestium
722 1195 767 1233 et
799 1203 1027 1233 sacrorum
1072 1195 1459 1247 paramentorum,
1507 1203 1620 1246 quae
1667 1160 2047 1235 Reverendissimi
2090 1193 2190 1235 DD.
2226 1212 2232 1220 ·

178 1270 517 1326 Archiepiscopi
561 1275 605 1312 et
633 1271 848 1326 Episcopi
892 1273 1021 1314 latini
1065 1275 1180 1313 ritus
1211 1272 1397 1313 Romam
1442 1271 1731 1313 advenientes
1776 1285 1856 1325 pro
1900 1271 2193 1314 Oecumenico

179 1349 376 1393 Concilio
408 1353 628 1395 Vaticano
660 1352 921 1394 celebrando
954 1365 1104 1394 secum
1135 1351 1297 1393 deferri
1325 1351 1546 1393 curabunt
1638 1346 1641 1350 ’
2338 1341 2394 1397 94

65 1460 220 1503 XVII.
266 1459 545 1504 Sanctissimi
574 1462 751 1504 Domini
788 1462 942 1503 Nostri
983 1463 1055 1504 Pii
1094 1462 1261 1503 Divina
1300 1461 1590 1504 Providentia
1616 1463 1768 1517 Papae
1799 1463 1887 1504 IX.
1921 1462 2189 1507 Constitutio

178 1540 234 1583 de
266 1543 478 1584 electione
500 1544 688 1585 Romani
711 1543 956 1596 Pontificis,
989 1545 1029 1584 si
1058 1545 1287 1595 contingat
1311 1541 1470 1585 Sedem
1494 1542 1799 1596 Apostolicam
1822 1555 1986 1584 vacare
2008 1543 2194 1587 durante

181 1621 379 1664 Concilio
411 1623 720 1665 Oecumenico.
752 1623 794 1664 d.
826 1624 868 1664 4.
899 1623 1153 1688 1)88.·1869
2339 1627 2394 1667 95

265 1701 596 1745 caeremoniale
626 1707 672 1744 in
706 1704 918 1744 electione
949 1702 1121 1744 Summi
1150 1702 1340 1743 Romani
1369 1702 1602 1744 Pontificis
1635 1702 1962 1744 observandum
2049 1734 2059 1744 .

63 1811 245 1854 XVIII.
285 1812 522 1855 Methodus
554 1812 772 1855 servanda
800 1816 847 1855 in
877 1817 1022 1867 prima
1052 1815 1249 1854 sessione
1282 1812 1409 1855 Sacri
1441 1811 1627 1853 Concilii
1658 1812 1962 1894 Oecumenici‚
2004 1812 2120 1865 quod
2150 1816 2196 1854 in

179 1893 474 1936 Patriarchali
502 1894 700 1936 Basilica
731 1894 776 1937 S.
809 1894 933 1935 Petri
964 1896 1009 1934 in
1038 1893 1259 1935 Vaticano
1292 1892 1590 1935 celebrabitur
1659 1922 1669 1932 .
2315 1897 2397 1937 110

62 2002 200 2044 XIX.
242 2003 362 2047 Ordo
402 2017 460 2045 ex
492 2002 815 2046 Caeremoniali
854 2007 1118 2059 praesertim
1161 2002 1208 2046 S.
1239 2003 1296 2044 R.
1326 2004 1378 2044 Ε.
1411 2007 1650 2057 excerptus
1694 2002 1879 2045 Concilii
1911 2002 2192 2047 Oecumenici

182 2085 434 2127 celebrandi
463 2088 510 2126 in
543 2085 836 2128 Sacrosancta
866 2086 1064 2126 Basilica
1089 2086 1312 2127 Vaticana
1336 2085 1472 2138 Jussu
1505 2083 1584 2126 SS.
1616 2084 1796 2124 Domini
1826 2083 1981 2125 Nostri
2013 2085 2084 2126 Pii
2108 2085 2196 2127 IX.

181 2164 439 2208 Catholicae
467 2166 697 2207 Ecclesiae
727 2166 941 2220 Episcopi
1005 2195 1014 2204 .
2315 2140 2398 2209 1120

61 2272 173 2315 XX.
215 2273 439 2316 Intimatio
468 2287 549 2328 per
580 2273 794 2316 Cursores
825 2273 1042 2327 facienda,
1075 2272 1193 2314 domi
1223 2285 1400 2328 quoque
1430 2271 1612 2313 dimisso
1645 2272 1890 2326 exemplari
1917 2304 1926 2313 .
2049 2304 2058 2314 .
2195 2276 2292 2318 126.
2313 2279 2395 2319 128

66 2382 205 2425 XXI.
246 2383 467 2424 Monitum
614 2413 624 2424 .
747 2413 757 2423 .
877 2413 887 2422 .
1007 2413 1018 2424 .
1140 2412 1149 2422 .
1269 2412 1280 2423 .
1399 2411 1410 2423 .
1530 2411 1540 2422 .
1659 2411 1669 2422 .
1789 2411 1798 2420 .
1921 2411 1930 2421 .
2053 2412 2063 2422 .
2200 2385 2294 2425 128.
2315 2387 2398 2428 129

62 2493 225 2537 XXII.
272 2492 427 2535 Sermo
467 2496 513 2535 in
544 2493 824 2547 evangelium
854 2470 1115 2534 Dominicae
1153 2495 1323 2547 primae
1353 2491 1587 2534 Adventus
1618 2490 1802 2532 habitus
1843 2493 1889 2531 in
1921 2491 2116 2533 Basilica
2147 2491 2194 2536 S.

178 2573 303 2615 Petri
331 2575 584 2615 imminente
616 2572 907 2615 Oecumenico
938 2572 1135 2615 Concilio
1158 2571 1378 2613 Vaticano
1410 2585 1436 2611 a
1466 2572 1542 2612 Fr.
1569 2570 1819 2611 Raimundo
1843 2571 2044 2625 Bianchi,
2075 2573 2193 2614 Pro-

181 2658 382 2695 curatore
415 2653 627 2695 Generali
659 2653 841 2696 Ordinis
873 2653 1251 2706 Praedicatorum‚
1283 2651 1353 2692 die
1385 2651 1454 2692 28.
1484 2651 1599 2692 Nov.
1635 2650 1748 2691 1869
1796 2682 1806 2690 .
2315 2655 2397 2696 130

65 2755 248 2804 XXIII.
298 2761 591 2815 Congregatio
621 2760 956 2815 Prosynodalis.
1014 2763 1054 2803 2.
1085 2763 1191 2803 Dec.
1228 2762 1355 2803 1869.
1387 2782 1439 2788 —
1473 2759 1698 2801 Allocutio
1729 2760 1883 2801 habita
1914 2762 1959 2801 in
1991 2759 2194 2814 Congre-

180 2844 357 2896 gationc
401 2841 609 2884 Generali
654 2846 756 2883 ante
801 2844 990 2896 primam
1035 2839 1288 2882 Sessionem
1335 2840 1522 2883 Concilii
1559 2840 1771 2882 Vaticani
1815 2852 1843 2880 a
1884 2839 1965 2882 SS.
2007 2841 2195 2883 Domino

179 2920 344 2962 Nostro
373 2921 456 2963 Pio
488 2922 657 2963 Divina
686 2921 975 2964 Providentia
999 2921 1097 2962 PP.
1121 2921 1207 2963 IX.
1243 2921 1299 2963 ad
1327 2922 1577 2976 Episcopos
1602 2919 1822 2962 Catholici
1847 2918 1996 2974 Orbis,
2027 2923 2103 3015 qui
2137 2920 2193 2962 ad

179 3000 297 3042 idem
329 2999 574 3043 Concilium
604 3003 790 3044 Romam
821 3004 1119 3044 convenerunt
1150 3001 1220 3042 die
1253 3002 1292 3042 2.
1322 3002 1533 3043 Decemb.
1567 3001 1679 3042 1869
2314 3003 2397 3044 133

67 3110 248 3153 XXIV.
287 3111 502 3152 Formula
525 3111 821 3165 Jurisjurandi
850 3111 906 3153 ab
932 3109 1212 3163 Officialibus
1239 3109 1316 3152 SS.
1344 3109 1529 3151 Concilii
1551 3112 1757 3165 praestiti
1788 3109 1858 3150 die
1884 3111 1922 3150 2.
1943 3110 2052 3150 Dee.
2079 3110 2189 3150 1869
2310 3112 2394 3152 136

66 3190 223 3233 XXV.
254 3190 443 3232 Nomina
473 3189 883 3246 Stenographorum
913 3189 994 3232 SS.
1013 3189 1215 3237 Concilii
1246 3191 1471 3243 Vaticani,
1502 3193 1578 3242 qui
1608 3190 1679 3230 die
1713 3190 1751 3230 2.
1776 3189 1885 3229 Dec.
1917 3189 2029 3230 1869
2054 3189 2190 3242 jura·-

162 3275 378 3313 ·mentum
407 3273 453 3313 in
481 3284 638 3312 manus
667 3271 780 3312 Rev.
812 3271 1049 3313 Secretarii
1080 3269 1270 3312 Concilii
1301 3271 1509 3312 Vaticani
1540 3273 1858 3323 praestiterunt
1919 3299 1929 3308 .
2312 3270 2394 3311 137

67 3377 247 3421 XXVI.
287 3379 606 3434 Inscriptiones
640 3379 769 3420 aulae
801 3379 1050 3420 conciliatis
1130 3409 1140 3418 .
2310 3378 2394 3418 138

267 3459 424 3501 Novae
454 3461 774 3501 nominationes
2315 3458 2398 3497 140
