2540 4282
826 102 1094 146 Constitutio
1126 101 1331 156 Gregorii
1361 103 1452 144 ΡΡ.
1484 103 1592 144 XV.
2280 96 2379 163 4109

14 262 163 317 ss¹¹¹²3¹¹⁷
199 263 330 312 quae
363 262 555 310 semper
589 251 639 296 et
668 247 835 310 palam
869 262 958 310 per
991 250 1292 294 scrutatores
1335 245 1446 308 fiet,
1499 260 1557 294 ac
1598 245 1770 293 statim
1813 247 1930 307 post
1972 244 2377 314 recognitionem,

23 328 148 381 tuive
182 327 355 376 electio
391 327 455 374 sit
489 329 701 390 sequuta
735 326 840 374 sive
873 340 990 374 non.
1059 326 1126 373 Et
1158 326 1282 373 haec
1314 326 1493 386 omnia,
1540 339 1670 387 quae
1700 323 1761 371 de
1795 323 2015 371 scrutinii
2048 324 2228 371 ritibus
2261 327 2379 372 sunt

0 387 282 495 ᾗιαμὶέροτῡὶίπι,
335 405 583 454 servanda
628 409 772 452 erunt
821 405 1080 467 diligenter
1129 419 1160 451 a
1203 403 1536 452 cardinalibus
1585 404 1638 450 in
1687 402 1916 450 omnibus
1952 403 2220 465 scrutiniis,
2273 403 2380 451 sive

0 461 161 546 {liant
193 500 340 532 mane
374 488 491 548 post
523 484 736 546 missam,
773 483 880 532 sive
912 498 1119 546 vespere
1148 485 1263 546 post
1296 483 1536 545 hymnum
1582 482 1699 530 Veni
1744 482 1946 530 Creator
1990 481 2217 543 Spiritus.
2285 483 2378 530 At-

0 542 135 638 {tque
165 564 218 612 hi
248 567 362 612 sunt
394 564 521 611 ritus
555 575 618 610 ex
650 563 955 625 praescripto
992 560 1377 610 Constitutionis
1413 561 1644 623 Gregorii
1677 563 1848 623 Papae
1881 562 1994 610 XV.
2039 562 2089 608 in
2136 560 2379 608 electione

0 639 248 715 {Romani
279 643 533 691 Pontificis
568 641 881 690 observandi.

0 728 15 877 ξ
53 822 63 835 1
882 791 1138 854 Hucusque
1172 792 1523 840 caeremoniale.

169 916 195 977 ἓ
235 917 274 963 1.
342 916 486 963 Μο111
534 916 703 979 itaque
747 916 976 980 propriO,
1025 917 1074 962 et
1119 929 1183 961 ex
1228 916 1366 962 certa
1399 914 1609 962 scientia
1637 919 1838 977 nostra,
1882 930 1941 963 ac
1977 915 2038 963 de
2069 917 2377 984 apostolicae

0 972 300 1070 [potestatis
330 995 665 1058 plenitudine,
714 995 881 1043 omnia
931 997 978 1041 et
1026 993 1223 1055 singula
1270 993 1320 1039 in
1370 994 1628 1054 praedicto
1665 994 2013 1042 caeremoniali
2047 994 2278 1043 ordinata
2330 998 2378 1044 et

0 1071 412 1140 quomodolibet
447 1077 695 1136 contenta,
730 1077 901 1121 tenore
933 1071 1266 1136 praesentium
1296 1075 1540 1135 perpetuo
1566 1073 1902 1136 approbamus
1926 1076 1975 1120 et
2001 1075 2374 1124 confirmamus:

0 1127 9 1226 1
36 1154 232 1218 illisque
264 1154 491 1202 omnibus
524 1157 572 1202 et
603 1154 808 1216 singulis
843 1155 1116 1216 perpetuae
1157 1155 1205 1199 et
1249 1151 1550 1201 inviolabilis
1597 1153 1903 1216 apostolicae
1942 1153 2189 1201 firmitatis
2221 1156 2377 1203 robur

0 1226 304 1285 fidiicimus.

47 1371 62 1378 ι’
165 1312 207 1374 ξ.
246 1314 290 1360 2.
357 1312 534 1375 anue
569 1326 599 1358 a
631 1311 997 1359 venerabilibus
1030 1296 1269 1358 fratribus
1301 1311 1485 1358 nostris
1527 1311 1574 1360 S.
1611 1311 1672 1359 R.
1708 1311 1766 1358 Ε.
1810 1311 2169 1373 cardinalibUS‚
2217 1313 2375 1360 omni-

0 1392 7 1395 ”
35 1388 229 1455 liusque
261 1396 308 1440 et
342 1391 546 1454 singulis
583 1390 705 1453 aliis,
742 1391 806 1438 ad
841 1405 966 1454 quos
1001 1393 1196 1453 spectat
1227 1393 1276 1437 et
1311 1393 1538 1453 spectare
1572 1389 1947 1452 quomodolibet
1990 1392 2174 1454 poterit
2210 1392 2261 1440 in
2296 1392 2372 1440 fu-

34 1475 218 1534 turum,
255 1471 453 1519 omnino
490 1470 746 1518 obser-vari
779 1470 1108 1534 praecipimus
1145 1472 1194 1517 et
1227 1468 1547 1530 mandamus3
1597 1485 1654 1517 ac
1688 1470 2052 1518 caeremoniale
2085 1472 2374 1534 hujusmodi

26 1542 87 1607 ili
121 1554 283 1599 totum
318 1551 398 1598 vel
430 1550 482 1597 in
516 1552 660 1613 parte
692 1550 873 1598 mutari
907 1550 986 1597 vel
1021 1550 1065 1597 ei
1101 1549 1286 1612 aliquid
1321 1549 1437 1596 addi
1469 1549 1807 1612 prohibemus.
2388 1541 2392 1546 ’

50 1621 54 1629 “
165 1629 207 1690 ξ.
236 1633 285 1678 3.
352 1629 684 1677 Decernentes
719 1629 812 1690 sic,
862 1632 911 1676 et
951 1644 1053 1677 non
1088 1629 1255 1690 aliter,
1305 1644 1395 1691 per
1429 1644 1768 1692 quoscumque
1804 1644 1862 1676 ac
1897 1630 2093 1678 eosdem
2132 1631 2179 1679 S.
2215 1631 2276 1679 R.
2313 1633 2371 1681 Ε.

34 1708 309 1759 cardinales
353 1708 573 1769 (sublata
607 1709 675 1756 eis
712 1712 760 1755 et
793 1722 965 1755 eorum
1001 1708 1202 1755 cuilibet
1236 1708 1414 1770 quavis
1447 1708 1590 1755 aliter
1617 1708 1878 1770 judicandi
1924 1713 1973 1757 et
2011 1710 2377 1773 interpretandi

32 1777 270 1839 facultate
303 1790 353 1836 et
388 1787 701 1848 auctoritate)
735 1787 922 1850 ubique
949 1787 1166 1850 judicari
1200 1790 1248 1834 et
1281 1786 1474 1834 definiri
1508 1786 1703 1835 debere.

162 1868 188 1929 §
224 1871 270 1916 4.
337 1867 452 1916 Non
487 1868 808 1916 obstantibus
840 1868 1070 1915 omnibus
1103 1867 1214 1930 illis,
1261 1882 1392 1930 quae
1423 1866 1475 1913 111
1508 1868 1669 1930 primo
1707 1867 1841 1915 dicta
1876 1865 2245 1918 Constitutione
2278 1886 2369 1919 vo-

24 1944 209 2023 luimus
243 1962 345 1995 non
379 1947 593 2009 obstare,
629 1947 903 2010 ceterisque
934 1947 1192 1994 contrariis
1227 1947 1640 2009 quibuscumque.

55 2086 58 2091 ι
161 2026 187 2087 §
222 2028 267 2076 5.
334 2026 472 2075 Nulli
515 2042 632 2090 ergo
680 2027 880 2076 omnino
929 2027 1184 2075 hominum
1226 2026 1400 2088 liceat,
1449 2027 1579 2074 hanc
1612 2025 1850 2089 paginam
1882 2029 2085 2075 nostrae
2120 2029 2369 2092 approba-

25 2095 197 2166 1101118,
234 2105 634 2168 confirmationis,
672 2106 979 2169 adjectionis,
1014 2105 1284 2170 praecepti,
1314 2106 1565 2167 mandati,
1610 2104 1958 2168 prohibitionis
1994 2109 2043 2154 et
2077 2106 2260 2156 decreti
2291 2109 2367 2158 in-

30 2183 259 2247 fringere,
291 2185 371 2232 vel
405 2184 450 2231 ei
484 2199 610 2232 ausu
642 2185 903 2233 temerario
937 2184 1207 2234 contraire:
1245 2184 1286 2232 si
1320 2186 1430 2248 quis
1462 2187 1628 2232 autem
1661 2185 1757 2232 hoc
1793 2187 2042 2233 attentare
2075 2202 2368 2252 praesump-

32 2264 174 2326 serit,
221 2264 613 2328 indignationem
648 2265 998 2328 omnipotentis
1033 2265 1128 2313 Dei
1178 2280 1235 2312 ac
1279 2265 1544 2314 beatorum
1577 2265 1716 2313 Petri
1759 2268 1808 2312 et
1842 2263 1990 2313 Pauli
2025 2267 2367 2328 apostolorum

26 2345 140 2408 ejus
171 2359 224 2392 se
256 2344 453 2392 noverit
483 2343 809 2392 incursurum.
1569 2329 1573 2342 '

158 2445 347 2492 Datum
378 2444 592 2506 Romae,
643 2444 778 2506 apud
829 2446 879 2494 S.
914 2445 1143 2506 Petrum,
1195 2460 1325 2502 anno
1376 2446 1733 2494 incarnationis
1782 2446 2074 2494 Dominicae
2121 2463 2363 2510 MDCXXIL,

20 2518 207 2589 ‘'quarto
241 2523 353 2571 idus
388 2523 569 2584 martii,
604 2522 925 2586 pontificatus
955 2524 1115 2572 nostri
1149 2529 1281 2572 anno
1311 2540 1362 2571 11.

68 2724 73 2729 ff
144 2697 327 2740 NOTA.
389 2697 504 2739 Cum
534 2701 645 2739 inter
675 2699 924 2752 praelatos,
956 2701 1031 2751 qui
1057 2698 1134 2751 jus
1165 2701 1212 2739 in
1242 2699 1429 2739 concilio
1461 2697 1642 2739 sedendi
1671 2699 1862 2752 habent,
1902 2705 2085 2753 propter
2115 2704 2363 2756 temporum

16 2775 76 2813 :et
104 2783 251 2813 rerum
280 2770 610 2812 vicissitudines
639 2772 858 2825 plurimae
887 2783 967 2824 per
999 2771 1159 2824 synodi
1189 2771 1426 2812 decursum
1470 2773 1739 2812 mutationes
1785 2771 1921 2826 fiant,
1968 2776 2107 2815 satius
2140 2773 2362 2829 duximus,

21 2847 224 2886 omnium
256 2842 427 2884 sedium
455 2847 499 2884 et
527 2844 827 2896 praelatorum
856 2844 1089 2898 elenchum
1118 2846 1164 2884 in
1195 2844 1319 2884 calce
1356 2843 1493 2896 hujus
1536 2845 1683 2897 operis
1730 2843 1945 2886 conficere
1962 2877 1973 2899 ,
2022 2847 2139 2900 quod
2185 2847 2364 2901 quidem

22 2921 123 2976 ,tum
152 2917 326 2981 demum
355 2917 453 2957 fieri
480 2919 657 2970 poterit,
687 2929 787 2958 cum
818 2917 1016 2970 synodus
1051 2917 1255 2958 absoluta
1287 2919 1384 2958 erit.
