2540 4282
25 74 40 88 r
81 79 120 101 ’.ὲ
743 109 1008 152 Constitutio
1043 108 1122 153 SS.
1154 111 1210 151 D.
1243 108 1298 151 N.
1328 101 1403 153 'Pii
1432 110 1522 152 ΡΡ.
1555 110 1642 152 ῙΧ.
2247 76 2251 79 ·
2301 102 2358 156 77

25 248 166 325 ferio
214 253 446 326 expendi
495 252 811 306 desiderent
885 253 1039 305 Licet
1090 252 1233 304 enim
1284 251 1339 303 id
1392 252 1507 304 fieri
1558 256 1823 350 nequeat
1841 252 1897 304 in
1935 252 2204 318 Concilio,
2256 253 2358 305 viri

23 332 210 410 βἂίιίθιι
248 339 572 392 divinarum
584 356 762 391 rerum
801 339 959 408 periti
996 356 1028 390 a
1054 337 1225 389 Nobis
1264 338 1581 407 designandi
1619 339 1747 409 ipsis
1784 357 1891 392 non
1940 339 2191 406 deerunt,
2245 340 2358 409 qui—

21 409 131 495 fims
166 429 400 478 mentem
439 443 589 478 suam
627 425 834 495 aperire
871 423 1077 494 possint
1113 424 1398 503 omniaque
1450 426 1718 478 rationum
1755 430 2026 479 momenta
2063 425 2359 478 sententiae

125 529 154 566 e
190 511 416 565 fidenter
455 528 739 583 exponere,
778 515 851 578 ut,
891 527 959 562 ex
994 511 1108 580 ipso
1153 500 1553 579 disceptationis
1593 513 1703 564 solo
1731 512 1970 565 veritatis
1995 509 2359 580 assequendae

114 597 200 651 dio
238 598 509 650 institutae
562 597 839 664 conflictu,
894 595 1129 649 uberiori
1180 596 1297 648 luce
1334 597 1584 666 perfundi
1635 599 1876 666 valeant,
1931 616 2037 668 qua
2089 596 2158 681 ad
2211 597 2358 650 illam

19 663 397 786 'fflducantur

167 769 390 822 Utinam
426 767 482 820 id
520 768 735 838 plurimi
773 766 873 820 sibi
909 771 1212 838 proponant
1254 767 1504 838 bonaque
1555 767 1660 820 fide
1715 774 2074 839 exequantur,
2129 785 2250 821 cum
2302 768 2358 821 id

18 844 340 926 §contingere
378 859 608 927 nequeat
647 855 760 906 sine
796 871 993 923 magno
1031 854 1270 924 ipsorum
1318 858 1724 923 ceterorumque
1771 860 2064 924 proventu:
2121 856 2360 953 ipsorum

19 928 70 953 Εἰ
99 943 268 1011 idem,
307 943 433 1013 quia
470 943 618 995 Deus
656 941 1052 1012 requirentibus
1091 959 1146 993 se
1183 945 1296 994 toto
1338 939 1497 994 corde
1534 939 1726 992 faciem
1764 957 1915 992 suam
1955 942 2222 1010 ostendet,
2273 942 2360 995 iis-

21 1021 256 1102 >¹'amque
294 1029 588 1100 praestabit
643 1028 785 1098 quod
839 1028 1083 1098 cupiunt3
1141 1029 1367 1080 aliorum
1419 1042 1578 1093 vere,
1630 1028 1746 1077 tum
1802 1026 1927 1095 quia
1974 1029 2360 1110 praestantium

111 1132 264 1168 orum
302 1115 608 1185 exemplum
648 1114 880 1168 efficacia
918 1119 1015 1167 sua
1052 1131 1234 1167 carere
1271 1131 1379 1166 non
1418 1112 1641 1182 poterit,
1695 1116 1811 1165 tum
1863 1110 2024 1165 etiam
2079 1114 2203 1182 quia
2252 1114 2364 1182 isti,

41 1255 66 1263 ,,
103 1217 133 1254 o
172 1201 372 1270 majore
411 1199 688 1270 diligentia
727 1204 778 1253 et
815 1200 1000 1253 labore
1036 1200 1277 1253 veritatis
1316 1198 1634 1251 beneficium
1684 1199 1786 1250 sibi
1834 1204 2242 1269 compararunt,
2296 1219 2359 1254 eo

87 1287 346 1361 vpensiore
385 1287 559 1339 studio
613 1287 933 1340 beneficium
985 1286 1127 1339 idem
1180 1285 1248 1339 ad
1305 1291 1507 1338 ceteros
1558 1285 1835 1355 porrigere
1886 1287 2139 1339 nitentur.
2214 1285 2360 1338 Dum
2419 1298 2422 1302 '

17 1373 205 1427 mutem
239 1372 620 1426 faustissimum
671 1373 814 1426 hunc
869 1390 1171 1425 successum
1224 1390 1255 1424 a
1308 1371 1489 1424 divina
1542 1371 1824 1425 clementia
1873 1374 2141 1444 poscimus
2187 1374 2361 1441 enixe,

16 1449 240 1530 ιόὶαίρθ,
278 1459 619 1513 Venerabilis
655 1460 872 1527 Frater,
912 1458 1276 1530 Apostolicam
1313 1459 1777 1524 Benedictionem,
1827 1478 1988 1531 quam
2029 1461 2255 1530 superniv
2283 1461 2360 1513 fa-

16 1543 169 1626 &oris
207 1547 479 1618 auspicem
528 1550 579 1598 et
627 1547 973 1617 praecipuum
1012 1545 1240 1599 Nostrae
1292 1545 1699 1600 benevolentiae
1751 1547 1947 1617 pignus
2000 1547 2100 1599 tibi
2151 1548 2359 1618 totique

16 1620 258 1686 {dioecesi
295 1637 419 1686 tuae
458 1639 796 1703 peramanter
834 1629 1183 1703 impertimur.

167 1719 370 1772 Datum
406 1719 611 1773 Romae
650 1719 793 1790 apud
827 1721 879 1773 S.
918 1720 1173 1809 Petrum,
1230 1719 1315 1771 die
1369 1720 1451 1771 30.
1494 1688 1731 1770 octobris
1780 1719 1933 1771 1869.
2009 1717 2359 1798 Pontificatus

0 1800 211 1875 Nostri
247 1824 385 1859 anno
423 1806 631 1859 XXIV.

0 1910 62 2017 ‚f
1459 1884 1463 1886 ’
1758 1909 1942 1970 psus
1989 1909 2107 1968 ΡΡ.
2157 1908 2267 1968 IX.

1095 2377 1288 2445 XIV.

285 2549 960 2645 OONSTITUTIO
1026 2550 1156 2645 ss,
1217 2528 1304 2644 D.
1365 2553 1460 2644 N.
1521 2551 1672 2643 PH
1731 2551 1876 2643 ΡΡ.
1938 2553 2101 2660 ῙΧ.,

22 2808 386 2939 ᾞΠΜΕΒΠΒ
427 2822 931 2905 GENSURARUM
970 2851 1223 2905 LATAE
1264 2851 1739 2937 SENTENTIAE
1788 2852 2359 2908 RESTRINGITUR.
2408 2817 2412 2821 —

950 2991 1006 3031 D.
1041 2992 1108 3032 12.
1141 2990 1275 3033 OGT.
1309 2994 1438 3034 1869.

856 3257 1040 3339 Pius
1085 3259 1524 3320 EPISCOPUS

649 3387 994 3452 snnvus
1049 3391 1542 3434 SERVORUM
1594 3391 1744 3433 DEI

790 3497 858 3543 ad
882 3504 1169 3559 perpetuam
1201 3500 1276 3546 rei
1305 3501 1598 3554 memoriam.

177 3620 518 3692 Apostolicae
557 3621 710 3677 Sedis
747 3624 1100 3678 moderationi
1140 3627 1417 3695 convenit,
1472 3645 1608 3697 quae
1661 3626 1944 3679 salubriter
1994 3629 2237 3680 veterum
2275 3644 2358 3679 ca-

19 3703 233 3780 nonum
271 3709 588 3762 auctoritate
626 3712 912 3764 constituta
951 3715 1088 3780 sunt,
1126 3713 1199 3765 sic
1235 3713 1490 3780 retinere,
1528 3718 1612 3780 ut,
1652 3713 1696 3765 si
1732 3718 2033 3783 temporum
2069 3729 2356 3783 rerumque

31 3788 257 3846 mutatio
296 3794 571 3864 quidpiam
609 3813 722 3850 esse
759 3797 1166 3867 temperandum
1203 3799 1455 3869 prudenti
1484 3798 1927 3870 dispensatione
1951 3799 2202 3868 suadeat,
2254 3799 2358 3851 Ea-

20 3875 158 3930 :dem
194 3878 505 3949 Apostolica
542 3879 707 3934 Sedes
761 3900 1056 3954 congruum
1108 3902 1388 3955 supremae
1441 3903 1569 3938 suae
1620 3887 1898 3956 potestatis
1948 3886 2244 3940 remedium
2296 3903 2359 3938 ac

36 3955 424 4032 providentiam
460 3967 750 4038 impendat.
826 3971 1188 4032 Quamobrem
1237 3990 1356 4025 cum
1401 3972 1579 4025 animo
1616 3977 1798 4026 nostro
1829 3972 2150 4046 jampridem
2187 3972 2356 4026 revol-
