2540 4282
188 157 277 206 110
533 159 774 201 Methodus
805 159 1026 200 servanda
1056 161 1102 198 in
1131 161 1277 213 prima
1308 155 1505 199 sessione
1536 147 1655 200 sacri
1686 157 1874 200 Concilii
1902 162 2184 219 oecumenici.

1228 484 1493 554 XVIII.

614 723 618 727 ,
1015 663 1022 672 ·
1095 645 1607 716 METHODUS

197 797 603 852 sERvANDA
636 796 720 854 IN
757 784 1001 852 PRIMA
1040 799 1386 853 snssioNE
1426 799 1644 854 SACRI
1677 800 2006 855 ooNch
2046 766 2509 870 oEcUMENmI

559 946 709 994 QUOD
740 947 798 985 IN
826 947 1229 986 PATRIARGHALI
1257 947 1505 986 BASILICA
1537 947 1579 985 S.
1614 949 1862 998 PETRLIN
1891 948 2165 987 VATICANO

1179 1061 1550 1100 CELEBRAB'ITUR.

1246 1205 1505 1209 —
2511 1202 2532 1275 ἒ,

345 1335 390 1385 1.
425 1331 611 1404 Olerus
649 1333 930 1384 universus
969 1307 1133 1384 Urbis
1184 1348 1281 1401 per
1333 1331 1530 1384 scalam
1578 1330 1799 1400 regiam,
1851 1333 2116 1403 porticum
2164 1339 2218 1387 et
2254 1326 2533 1392 basilicam

200 1418 386 1471 ordine
421 1400 619 1471 statuto
660 1418 987 1487 disponetur.

346 1507 395 1557 2.
448 1503 871 1556 Eminentissimi
923 1501 1231 1556 Cardinales
1289 1509 1342 1557 et
1395 1503 1850 1558 Reverendissimi
1898 1505 2090 1559 Patres
2141 1507 2210 1559 ad
2261 1508 2536 1566 Palatium·

200 1590 525 1644 Vaticanum
561 1589 817 1642 accedent
867 1606 965 1660 per
1020 1590 1218 1643 scalam
1270 1591 1426 1644 sitam
1477 1592 1534 1643 in
1582 1590 1720 1643 atrio
1769 1592 2004 1645 maximo
2044 1592 2284 1662 ejusdem
2319 1595 2534 1677 Palatii,

203 1693 340 1746 quae
379 1675 527 1728 ducit
563 1675 633 1728 ad
669 1674 1061 1727 Bibliothecam
1099 1680 1154 1727 et
1188 1676 1452 1729 Museum.

347 1764 396 1815 3.
434 1763 500 1815 In
537 1762 673 1814 aulis
712 1761 1004 1831 designatis
1043 1762 1266 1832 quisque
1303 1768 1479 1815 vestes
1518 1780 1695 1817 sacras
1732 1765 1834 1816 sibi
1864 1765 2107 1835 proprias
2132 1766 2333 1819 induet.
2387 1767 2534 1820 Emi:-

203 1849 502 1902 nentissimi
538 1847 848 1901 Cardinales
901 1865 1052 1900 sacra
1098 1852 1411 1918 paramenta
1463 1854 1737 1903 assument
1757 1904 1759 1906 ,
1783 1850 1840 1902 in
1893 1851 2061 1903 altera
2099 1851 2221 1904 aula
2257 1845 2540 1922 paramen3

204 1940 412 2002 torum,
436 1935 637 1987 scilicet
673 1935 729 1986 in
766 1952 852 2002 ea,
884 1935 939 1987 in
979 1946 1099 2004 qua·
1122 1935 1257 1988 solet
1293 1935 1582 2006 aliquando
1612 1937 1861 1990 Summus
1887 1937 2141 1990 Pontifex
2178 1938 2340 1990 sacris
2376 1937 2540 2013 vestic-x

206 2020 306 2071 bus
343 2020 509 2072 indui.
582 2020 1036 2074 Reverendissimi
1072 2022 1421 2076 Patriarchae
1459 2024 1514 2075 in
1552 2024 1675 2076 aula
1713 2024 1966 2076 anteriori
2010 2040 2161 2076 sacra
2206 2024 2335 2077 item
2382 2036 2538 2094 para*

206 2112 386 2159 menta
422 2111 721 2176 assument,
772 2112 828 2161 et
879 2109 934 2159 in
983 2107 1084 2160 hac
1129 2108 1245 2177 ipsa
1290 2109 1415 2161 aula
1453 2109 1745 2162 Auditores
1782 2109 1982 2178 Rotae,
2036 2109 2227 2162 Clerici
2263 2108 2540 2181 Gamerae,

208 2185 471 2251 Votantes
508 2194 816 2263 signaturae
855 2199 908 2246 et
945 2177 1370 2248 Abbreviatores
1408 2196 1790 2266 superpelliceo
1843 2213 1900 2248 se
1948 2196 2196 2248 vestient.
2266 2195 2540 2248 Reveren-

143 2315 147 2318 Δ
185 2279 413 2337 ·dissimi
447 2280 739 2347 Primates,
793 2279 1226 2351 Archiepiscopi,
1277 2281 1532 2352 Episcopi
1579 2286 1632 2334 et
1669 2281 1913 2335 Abbates
1950 2282 2185 2352 pluviale
2221 2281 2444 2334 induent
2480 2281 2540 2361 in·

211 2367 516 2421 ambulacro
572 2366 814 2434 Juliano
874 2367 1014 2437 quod
1070 2368 1257 2420 Museo
1307 2365 1572 2420 Vaticano
1627 2367 1885 2420 adhaeret
1945 2384 2112 2437 prope
2164 2369 2314 2421 aulas
2377 2385 2540 2440 supra

124 2462 126 2465 ’
210 2453 535 2506 enunciataS.

353 2543 401 2592 4.
438 2538 711 2614 Capellam
751 2557 910 2609 supra
948 2541 1212 2610 porticum
1251 2540 1501 2593 basilicae
1540 2545 1730 2607 statim,
1767 2539 2190 2592 Eminentissimi
2227 2537 2540 2617 cardinales¹

214 2646 332 2679 cum
354 2607 675 2689 ¹caudatario
723 2631 959 2693 tantum,
1011 2626 1464 2695 Reverendissimi
1517 2626 1708 2678 Patres
1763 2625 1977 2679 nemine
2029 2625 2314 2678 comitante
2363 2625 2540 2695 ingre—

212 2713 441 2780 dientur,
481 2718 533 2765 et
569 2713 710 2765 facta
748 2712 900 2765 brevi
939 2712 1194 2779 oratione,
1233 2713 1411 2764 locum
1451 2712 1518 2764 ab
1557 2710 1978 2780 assignatoribus
2010 2710 2347 2780 designatum
2385 2728 2540 2764 occu—

213 2799 432 2869 pabunt.
2537 2837 2539 2840 .

337 2888 405 2938 ·5.
441 2885 679 2937 Praelati
729 2889 781 2936 et
823 2885 914 2936 alii
955 2883 1250 2950 OfficialeS,
1303 2882 1543 2935 vestibus
1593 2882 1890 2952 respective
1946 2881 2048 2933 sibi
2100 2880 2294 2934 debitis
2345 2881 2537 2951 induti,

213 2973 424 3025 nemine
462 2971 661 3041 pariter
698 2971 998 3037 comitante,
1037 2969 1294 3038 capellam
1333 2968 1629 3038 praefatam
1666 2967 2036 3037 ingredientur
2075 2972 2128 3021 et
2163 2968 2220 3020 in
2255 2968 2385 3020 locis
2411 2959 2540 3021 938ίὲ

217 3060 390 3130 gnatis
428 3059 730 3111 consistent.

362 3148 408 3198 6.
447 3145 570 3197 Duo
596 3143 1014 3206 Eminentissimi
1040 3140 1349 3195 Cardinales
1374 3141 1601 3194 Diacom‘
1640 3120 1888 3208 senioreS,
1927 3141 2390 3194 Eminentissimus
2414 3140 2540 3194 Oar-

171 3271 173 3273 -
222 3232 411 3284 dinalis
436 3231 593 3283 Prior
617 3230 1080 3299 Presbyterorum,
1121 3227 1226 3293 duo
1257 3227 1620 3279 Protonotarii
1648 3227 1714 3279 de
1743 3245 1963 3299 numero
2001 3219 2451 3297 participantium,
2488 3230 2540 3281 et

223 3315 481 3371 Votan'tes
519 3317 826 3385 signaturae
854 3333 950 3385 pro
977 3314 1302 3385 paramentis
1327 3314 1510 3383 Papae
1546 3311 1846 3367 deferendis
1882 3315 1937 3366 in
1977 3313 2226 3369 sacellum
2254 3312 2540 3381 Paulinum

226 3403 556 3469 convenient,
595 3402 740 3471 quod
777 3419 885 3472 pros
915 3401 1146 3453 sacrario
1180 3401 1455 3453 inserviet.
2402 3431 2404 3433 >

282 3535 289 3543 .
369 3491 415 3540 7.
455 3486 823 3549 Subdiaconus
861 3482 1201 3556 Ap'ostolicus
1245 3504 1340 3555 pro
1380 3486 1547 3539 Oruce
1584 3486 1775 3556 Papali
1825 3483 2136 3552 deferenda,
2190 3489 2243 3536 et
2293 3485 2384 3554 alii
2436 3484 2540 3538 duc

144 3611 148 3616 -
227 3575 530 3643 signaturae
567 3572 830 3626 Votantes
868 3590 964 3642 pro
1004 3571 1339 3624 candelabris
1390 3572 1617 3624 aderunt
1668 3573 1723 3622 in
1760 3570 2032 3641 praedicto
2072 3571 2264 3623 sacello
2299 3569 2540 3624 Paulino.

228 3659 475 3712 Aderunt
514 3646 724 3728 quoque
763 3659 868 3710 duo
906 3657 1359 3710 Reverendissimi
1398 3657 1649 3727 Episcopi
1686 3675 1782 3727 pro
1819 3657 1954 3708 libro
1995 3662 2049 3708 et
2085 3656 2320 3709 candela.

373 3746 421 3809 8.
459 3743 708 3796 Summus
743 3742 998 3795 Pontifex
1035 3742 1103 3794 ad
1138 3742 1437 3811 praefatum
1474 3744 1724 3795 sacellum
1759 3743 2047 3795 Paulinum
2088 3742 2328 3809 accedet,
2381 3740 2540 3795 sacris

230 3830 466 3884 vestibus
505 3828 806 3894 ornabitur,
857 3845 1049 3898 nempe
1086 3829 1300 3895 amictu,
1348 3828 1501 3895 alba,
1560 3829 1772 3898 cingulo
1810 3833 1864 3880 et
1901 3828 2050 3895 stola,
2089 3833 2141 3881 et
2177 3828 2449 3880 incensum
2486 3826 2540 3878 in

233 3916 505 3987 thuribulo
553 3919 746 3985 ponet,
801 3914 1133 3966 ministrante
1187 3914 1487 3965 naviculam
1539 3898 1810 3965 Cardinali
1864 3913 2188 3982 Presbytero
2249 3913 2540 3966 assistente.

234 4004 371 4055 Tum
408 4001 594 4053 induet
630 3999 880 4070 pluviale,
918 3999 1139 4051 formale
1180 4003 1232 4051 et
1268 3999 1482 4051 mitram
1524 3999 1823 4068 pretiosam.
