2540 4282
692 113 792 154 Duo
822 113 989 156 Brevia
1019 127 1046 156 a
1075 112 1157 156 ss.
1187 114 1243 156 D.
1274 115 1328 156 N.
1360 116 1442 156 Pio
1472 116 1563 156 ΡΡ.
1595 116 1682 158 1x.
2292 112 2349 163 75

20 501 23 509 Ι
118 513 121 517 Δ
1091 445 1284 515 xm.

225 615 434 709 Duo
496 618 890 711 BREVIA
946 621 1016 710 A
1079 618 1208 712 ss
1271 621 1359 713 D.
1418 623 1511 714 N.
1571 623 1740 716 Pio
1799 626 1942 717 ΡΡ.
2005 627 2144 718 lx.

1122 806 1249 838 DATA

701 1012 1112 1069 Oo-NOILIUM
1149 1014 1665 1070 AOATHOLIOIS.

1142 1311 1216 1382 A.
1732 1344 1901 1386 Datum
1933 1346 1973 1385 4.
2007 1344 2126 1399 Sept.
2165 1345 2289 1385 1869.

477 1450 896 1499 VENERABILI
935 1452 1183 1509 FRATRI
1219 1450 1521 1499 HENRIC‘O
1557 1451 1886 1500 EDUARDO

725 1549 1094 1613 Archiepiscopo
1138 1550 1636 1600 Westmonasteriensi.

943 1682 1113 1734 PIUS
1162 1681 1273 1734 ΡΡ.
1317 1681 1415 1734 ΙΧ.

0 1787 59 1866 ἒ
157 1799 294 1857 Ven.
333 1805 537 1872 Frater,
577 1804 681 1858 Sal.
722 1809 774 1858 et
809 1806 913 1876 Ap.
945 1807 1075 1859 Ben.
1149 1806 1256 1859 Per
1296 1805 1664 1876 ephemerides
1703 1804 2019 1873 accepimUS,
2057 1804 2348 1856 Doctorem

0 1883 302 1970 [leumming
341 1891 558 1944 Scotum
597 1893 923 1961 quaesivisse
960 1912 992 1945 a
1029 1897 1113 1961 te,
1170 1911 1300 1945 num
1353 1894 1408 1945 in
1459 1894 1638 1946 futuro
1680 1892 1912 1945 Concilio
1968 1886 2347 1944 dissidentibus
2397 1950 2403 1952 ψ

0 1957 257 2050 §fficienda
293 1978 360 2029 sit
397 1982 632 2048 potestas
668 1997 733 2032 ea
768 1979 1074 2048 proferendi
1113 1985 1458 2049 argumenta,
1515 1996 1654 2050 quae
1707 1996 1833 2030 suae
1885 1978 2122 2048 opinioni
2161 1977 2346 2029 suffra-

0 2052 132 2134 }gari
169 2065 520 2134 arbitrentur3
578 2069 631 2118 te
683 2070 864 2119 autem
915 2064 1302 2136 respondente,
1362 2066 1418 2119 id
1469 2084 1500 2118 a
1539 2065 1710 2117 Nobis
1763 2083 1878 2117 esse
1934 2062 2343 2130 decernendum,

0 2148 192 2219 iipsum
226 2148 327 2201 hac
365 2149 431 2202 de
468 2166 526 2201 re
563 2150 631 2202 ad
668 2151 781 2203 Nos
819 2151 1106 2226 scripsisse.
1180 2152 1388 2204 Verum
1427 2154 1470 2204 si
1507 2153 1868 2223 postulantem
1920 2168 2027 2202 non
2079 2151 2211 2202 latet
2264 2167 2348 2203 ca-

0 2234 338 2288 ttholicorum
373 2235 506 2287 fides
545 2235 611 2288 de
656 2237 963 2306 magisterio
1003 2255 1034 2289 a
1074 2238 1253 2290 divino
1294 2239 1576 2291 Servatore
1614 2242 1794 2289 nostro
1846 2237 2123 2289 commisso
2163 2236 2348 2289 Eccle-

0 2320 125 2373 *siae
163 2338 317 2390 suae,
366 2325 418 2372 et
457 2320 523 2373 de
562 2321 718 2391 hujus
756 2322 1135 2376 infallibilitate
1172 2329 1459 2394 propterea
1497 2325 1551 2375 in
1593 2323 1907 2376 definiendis
1946 2321 2348 2393 quaestionibus

0 2396 83 2459 »de
122 2406 373 2477 dogmate
413 2413 465 2459 et
502 2408 770 2476 1110111003,
823 2409 1071 2462 dubitare
1122 2410 1395 2480 nequibit,
1454 2412 1582 2480 quin
1621 2410 1862 2462 Ecclesia
1912 2410 2028 2479 ipsa
2078 2409 2190 2479 pati
2239 2425 2347 2460 non

0 2490 238 2562 debeat,
291 2495 531 2547 revocari
568 2513 779 2548 rursum
813 2496 871 2547 in
910 2496 1350 2566 disceptationem
1390 2515 1624 2564 0110103,
1679 2514 1811 2566 quos
1850 2495 2043 2548 sedulo·
2076 2492 2345 2565 expendit,

0 2569 270 2655 judicavit
322 2585 374 2634 et
427 2580 713 2634 damnavit.
788 2581 902 2635 Nec
959 2583 1104 2634 aliud
1159 2584 1208 2635 ei
1261 2582 1486 2636 suadere
1539 2587 1759 2652 possunt
1811 2582 2049 2634 Litterae
2101 2580 2345 2632 Nostrae.

17 2655 160 2731 Dum
210 2667 351 2738 enim
402 2667 634 2719 diximus
693 2685 877 2737 „nemo
930 2671 1156 2736 inficiari
1211 2687 1274 2723 ac
1328 2671 1565 2723 dubitare
1613 2675 1807 2736 potest,
1863 2674 2037 2736 ipsum
2082 2669 2346 2721 Christum

17 2731 219 2829 glesum,
271 2756 332 2805 ut
378 2752 625 2806 humanis
667 2755 912 2807 omnibus
951 2755 1385 2825 generationibus
1429 2755 1811 2824 redemptionis
1850 2772 1976 2807 suae
2014 2754 2217 2805 fructus
2257 2771 2347 2823 ap-

18 2822 256 2925 §noaret
294 2856 448 2893 suam
486 2842 569 2894 liic
606 2845 661 2894 in
699 2847 855 2896 terris
892 2829 1055 2910 supra
1097 2843 1303 2895 Petrum
1339 2847 1550 2895 unica-m
1590 2842 1902 2907 aedificasse
1940 2841 2252 2908 Ecclesiam,
2290 2838 2345 2891 id

18 2915 97 2994 §st
134 2944 313 2993 unam,
354 2930 605 2994 sanctam,
646 2927 976 2996 catholicam,
1016 2929 1375 2999 apostolicam,
1417 2933 1564 2995 eique
1595 2933 1958 2982 necessariam
1982 2943 2187 2980 omnem
2214 2943 2346 2979 con-

19 2991 201 3079 fidisse
235 3017 572 3080 potestatem,
623 3020 682 3067 ut
721 3018 978 3082 inteyrum
1028 3019 1434 3083 inviolatumque
1484 3017 1830 3088 custodiretur
1875 3016 2001 3081 [idei
2040 3017 2343 3081 depositum,

18 3083 79 3330 ἴ
117 3098 305 3152 eadem
343 3098 474 3151 fides
514 3099 759 3152 omnibus
795 3102 1023 3170 populiS,
1062 3103 1327 3172 gentibuS,
1366 3101 1672 3154 nationibus
1701 3100 2060 3168 traderetur;“
2105 3099 2203 3150 1100
2229 3099 2344 3168 ipso

38 3183 248 3242 viximus
288 3190 438 3239 extra
479 3188 849 3253 disputationis
887 3190 1062 3241 aleam
1091 3189 1464 3252 'constitutum⁴
1487 3205 1602 3240 esse
1646 3188 1946 3256 primatum,
1984 3186 2344 3253 non-honoris

20 3322 45 3348 u
72 3275 254 3338 ntum,
309 3271 401 3324 sed
441 3277 493 3324 et
524 3272 906 3340 jurisdictionis
943 3274 1108 3326 Petro
1149 3275 1368 3342 ejusque
1407 3273 1802 3325 successoribus
1850 3271 1917 3323 ab
1956 3270 2227 3323 Ecclesiae
2267 3271 2345 3323 in-

19 3349 263 3428 fititutore
301 3357 569 3409 collatum.
644 3356 814 3426 Atqui
852 3358 907 3409 in
943 3358 1045 3409 hoc
1082 3359 1333 3410 nimirum
1383 3359 1600 3412 cardine
1651 3364 1762 3411 tota
1811 3355 2050 3428 quaestio
2102 3364 2346 3411 versatur

18 3430 159 3522 {nter
193 3443 479 3496 catholicos
518 3450 569 3496 et
609 3444 979 3496 dissentientes
1018 3461 1410 3514 quoscumque,
1466 3450 1516 3496 et
1555 3462 1623 3496 ex
1660 3444 1762 3495 hoc
1801 3443 2070 3511 dissensu,
2110 3444 2278 3496 veluti
2315 3463 2344 3497 e

18 3523 178 3608 fonte,
217 3546 399 3582 omnes
436 3530 855 3583 acatholicorum
892 3546 1098 3582 errores
1136 3530 1423 3583 dimanant.
1489 3533 1654 3600 „Cum
1693 3531 1833 3583 enim
1872 3534 2131 3596 ejusmodi
2168 3537 2344 3586 socie-

20 3611 153 3693 {ntes
191 3621 411 3669 careant
444 3621 563 3670 viva
599 3619 696 3670 itta
737 3623 785 3670 et
822 3633 854 3670 a
893 3617 1005 3669 Deo
1054 3623 1330 3671 constituta
1384 3622 1718 3684 auctoritate,
1776 3634 1912 3686 quae
1964 3618 2207 3670 homines
2259 3637 2343 3671 res

19 3686 145 3770 fidei
180 3717 492 3770 morumque
531 3700 862 3770 disciplinam
902 3702 1212 3770 praesertim
1253 3703 1431 3771 docet,
1482 3720 1677 3772 eosque
1718 3703 1900 3773 dirigit
1937 3721 1999 3755 ac
2037 3705 2345 3758 moderatur

2 3766 77 3851 {n
111 3785 176 3838 iis
214 3786 490 3854 0111011003,
530 3804 666 3856 quae
705 3787 773 3839 ad
811 3791 1083 3839 aeternam
1123 3789 1346 3842 salutem
1385 3791 1678 3859 pertinent,
1728 3795 1841 3842 tum
1881 3795 2156 3844 societates
2193 3795 2345 3858 ipsae

0 3861 78 3930 in
111 3876 224 3925 suis
263 3862 515 3926 doctrinis
553 3878 872 3927 continenter
911 3879 1208 3943 variarunt,
1258 3881 1310 3929 et
1353 3877 1484 3928 haec
1521 3876 1788 3947 mobilitas
1827 3883 1987 3947 atque
2025 3877 2344 3929 instabilitas

0 3956 162 4026 sapud
201 3957 413 4010 easdem
451 3959 729 4012 societates
772 3977 1044 4029 nunquam
1082 3964 1299 4014 cessat.“
1381 3961 1504 4015 Sive
1559 3981 1685 4032 ergo
1742 3964 1833 4033 qui
1887 3968 1941 4015 te
1994 3962 2344 4032 interrogavit
2446 3962 2466 3968 ”
