2540 4282
204 173 291 222 112
546 165 784 219 Methodus
816 174 1037 217 servanda
1066 177 1112 215 in
1141 178 1286 227 prima
1316 177 1515 216 sessione
1545 177 1665 215 sacri
1696 172 1883 216 Concilii
1914 179 2194 218 oecumenici.

346 318 469 371 Duo
487 318 836 389 protonotarii
854 317 919 368 de
935 332 1157 368 numero
1173 316 1608 385 participantium
1624 316 1819 369 notarii
1831 316 2053 371 Concilii
2065 336 2162 388 pro
2175 322 2324 378 veste
2335 298 2494 390 Papa
2514 301 2540 369 ³„-

349 403 649 456 Cardinalis
670 403 942 455 Diaconus
980 398 1317 471 euangelium
1356 403 1412 454 in
1449 402 1658 455 actione
1697 402 1940 472 synodali
1974 408 2290 457 cantaturus
2325 405 2470 492 medi
2490 407 2540 568 {1

199 488 340 543 inter
379 490 512 542 duos
553 488 863 541 Cardinales
900 488 1168 539 Diaconos
1206 489 1527 541 assistentes,

347 576 471 629 Duo
513 576 967 628 caeremoniarum
1003 575 1246 644 magistri
1283 575 1590 627 assistentes
1627 574 1827 644 Papae.
2476 570 2530 662 {³

349 662 597 715 Summus
633 659 888 721 Pontifex
919 658 1046 712 sede
1085 660 1290 712 delatus
1322 660 1420 712 sub
1445 659 1781 729 baldachino,
1821 661 1972 730 cujus
2009 661 2195 715 hastae
2226 634 2532 723 deferentu}

202 765 235 800 a
271 748 581 819 signaturae
619 745 1008 798 referendariis,
2338 813 2341 815 d
2445 813 2448 817 ἡ
2511 724 2532 786 a}

343 833 466 886 Duo
507 833 820 886 cubicularii
858 833 1047 885 secreti
1086 832 1538 902 supranumerarii
1577 832 1873 886 deferentes
1911 833 2140 886 flabella.

346 919 594 972 Decanus
646 918 819 971 Rotae
871 919 1113 971 minister
1167 918 1232 972 de
1285 920 1443 971 mitra
1494 920 1633 971 inter
1699 918 1832 970 duos
1893 923 2124 972 secretos
2180 917 2534 986 cubiculario}

202 1007 582 1060 ecclesiasticos
621 1005 688 1059 de
724 1022 946 1056 numero
983 1005 1432 1084 participantium.
2505 1000 2532 1046 1

345 1092 647 1144 Servientes
685 1107 970 1156 armorum,
1008 1090 1255 1141 mazzerii
1291 1091 1602 1160 nuncupati,
1645 1108 1677 1142 a
1714 1089 1971 1143 lateribus
2011 1091 2217 1143 Summi
2253 1092 2540 1175 Pontificq.

196 1177 517 1230 incedentes.
2510 1195 2515 1199 ·

343 1264 597 1317 Cantores
637 1266 754 1314 octo
793 1262 1126 1330 praedictum
1164 1262 1424 1331 hymnum
1462 1262 1818 1315 concinentes.

340 1350 573 1403 Auditor
624 1353 675 1402 et
732 1348 1096 1400 thesaurarius
1150 1347 1406 1400 Gamerae
1462 1348 1785 1418 apostolieae
1853 1365 1975 1401 cum
2036 1347 2285 1418 praesule
2346 1347 2533 1402 domui

198 1437 501 1507 pontificiae
537 1435 841 1506 praeposito
881 1452 1002 1487 cum
1042 1434 1240 1503 cappis
1941 1455 1950 1466 ·
2529 1454 2540 1481 s

341 1521 557 1591 Reliqui
615 1525 842 1590 quatuor
895 1520 1246 1589 protonotarii
1300 1520 1366 1573 de
1416 1537 1639 1572 numero
1693 1520 2153 1590 participantium,
2204 1520 2344 1572 inter
2395 1530 2540 1590 quob

198 1607 614 1662 subsecretarius
652 1606 876 1659 Concilii
914 1624 1022 1659 una
1060 1625 1182 1659 cum
1213 1607 1484 1677 praefecto
1525 1606 1757 1659 cubiculi
1796 1623 1917 1657 cum
1955 1607 2172 1677 cappis.

343 1694 633 1748 Generales
671 1699 724 1746 et
760 1692 964 1746 Vicarii
1001 1694 1277 1762 generales
1314 1692 1803 1762 Congregationum
1840 1692 2185 1762 regularium.
2531 1747 2534 1749 Α

342 1780 633 1834 Generales
671 1784 725 1831 et
761 1771 966 1832 Vicarii
1001 1779 1278 1849 generales
1318 1779 1581 1833 Ordinum
1614 1796 1707 1831 seu
1746 1772 2237 1849 Congregationum
2274 1769 2540 1831 monasti-⁷

197 1885 379 1920 carum
416 1867 605 1919 mitrae
642 1883 798 1918 usum
834 1882 944 1918 non
981 1865 1310 1918 habentium.

342 1952 630 2006 Generales
668 1956 723 2004 et
759 1950 962 2003 Vicarii
999 1951 1276 2020 generales
1315 1951 1578 2005 Ordinum
1616 1950 2048 2004 mendicantium.

338 2038 536 2091 Omnes
574 2054 695 2088 cum
732 2035 922 2089 habitu
959 2036 1041 2087 sui
1076 2036 1331 2105 instituti,
1382 2041 1434 2089 et
1472 2038 1564 2108 qui
1603 2038 1780 2091 clerici
1815 2038 2090 2108 regulares
2129 2043 2253 2091 sunt
2289 2037 2540 2090 biretum

194 2142 325 2197 prae
361 2123 610 2176 manibus
646 2128 857 2177 tantum
902 2122 1206 2192 gestabunt.

340 2210 608 2266 Officiales
644 2207 881 2277 Ooncilii,
932 2226 1124 2278 nempe
1181 2209 1284 2262 duo
1336 2208 1606 2280 adjutores
1656 2212 1942 2264 secretario
1997 2215 2049 2263 et
2099 2211 2203 2263 duo
2251 2206 2540 2282 adjutores}

191 2298 429 2358 notariis
467 2297 575 2367 qui,
613 2297 658 2349 si
693 2297 833 2348 inter
871 2296 1076 2349 Summi
1113 2296 1388 2349 Pontificis
1428 2297 1781 2351 cubicularios
1820 2303 1977 2350 erunt
2009 2297 2281 2367 adscripti,
2318 2301 2540 2351 vestem

193 2385 485 2437 violaceam
524 2401 644 2450 cum
682 2383 841 2435 simili
878 2387 1028 2436 veste
1065 2381 1327 2452 superiori
1362 2389 1648 2435 assument.
1723 2381 1780 2434 Si
1817 2399 1945 2435 vero
1985 2383 2126 2435 clero
2164 2386 2373 2435 tantum
2411 2396 2540 2446 sae-5⁸

146 2473 147 2477 ’
194 2470 360 2523 culari
381 2474 553 2531 ‚erunt
590 2469 804 2536 addicti,
842 2473 1048 2521 vestem
1084 2469 1310 2520 talarem
1342 2468 1584 2521 induent.
2526 2457 2530 2459 ’

334 2555 538 2608 Ultimo
575 2556 692 2608 loco
730 2559 852 2626 post
890 2555 1142 2608 officiales
1179 2553 1428 2607 incedent
1462 2554 1822 2625 stenographi,
1859 2558 2009 2608 veste
2031 2554 2202 2610 talari
2238 2554 2428 2607 induti.

339 2644 421 2694 13.
459 2640 698 2710 Quisque
734 2640 1011 2692 basilicam
1046 2641 1319 2710 ingressus
1356 2641 1536 2693 statim
1574 2647 1733 2711 eaput
1782 2634 2021 2710 deteget,
2075 2645 2129 2693 et
2182 2659 2303 2694 cum
2353 2630 2538 2715 propes·¹

190 2729 358 2781 altare
404 2726 596 2797 papale
647 2726 982 2796 pervenerit,
1034 2726 1175 2779 facta
1226 2731 1453 2797 utroque
1509 2744 1653 2796 genu
1700 2727 2002 2780 reverentia
2054 2728 2132 2780 Ss.
2186 2733 2540 2793 sacramento*¹

191 2830 351 2884 super
388 2814 577 2866 eodem
615 2813 770 2864 altari
806 2813 985 2882 papali
1024 2814 1283 2882 exposit0,
1321 2813 1500 2865 aulam
1526 2813 1873 2882 ingredietur,
1913 2818 1967 2866 et
1994 2813 2137 2866 facta
2163 2815 2307 2867 cruci
2337 2809 2538 2867 altaris*

189 2899 532 2952 inclinatione
549 2939 562 2965 ,
614 2899 792 2951 locum
844 2899 945 2951 sibi
1002 2899 1405 2952 convenientem
1457 2898 1524 2951 ab
1579 2899 1998 2968 assignatoribus
2052 2899 2312 2952 indictum
2365 2916 2521 2952 occu-

189 2985 365 3055 pabit:
405 2988 457 3036 et
497 3001 678 3036 omnes
717 2988 916 3035 stantes
954 3001 1014 3036 ac
1049 2984 1256 3036 detecto
1296 2986 1469 3054 capite
1496 2985 1702 3037 Summi
1725 2985 2001 3038 Pontificis
2037 2986 2333 3039 adventum
2364 2995 2540 3056 prae-J·

190 3070 542 3124 stolabuntur.

338 3159 420 3209 14.
458 3155 733 3226 Capellani
770 3172 898 3207 vero
935 3154 1526 3207 Reverendissimorum
1562 3154 1805 3222 Patrum,
1842 3154 1983 3207 facta
2029 3172 2149 3206 cum
2185 3154 2314 3224 ipsis
2351 3163 2540 3251 gessffliss

190 3243 442 3309 flexione,
479 3242 787 3294 immediate
825 3245 1052 3311 pergent
1089 3240 1158 3292 ad
1196 3240 1449 3293 sacellum
1489 3241 1568 3293 Ss.
1606 3196 1834 3294 Simonis
1872 3245 1925 3292 et
1962 3239 2154 3293 Judae.

341 3330 424 3380 15.
459 3328 685 3381 Interim
735 3327 1199 3381 Eminentissimus
1238 3325 1532 3379 Cardinalis
1568 3326 1820 3379 Decanus
1870 3325 2232 3379 celebraturus
2282 3325 2540 3394 missam,s=

190 3416 244 3467 et
278 3413 471 3484 reliqui
506 3412 762 3480 ministri,
814 3429 1007 3482 nempe
1061 3411 1342 3481 presbyter
1391 3413 1668 3480 assistens,
1721 3412 1972 3464 diaconus
1986 3452 2000 3479 ,
2054 3415 2108 3463 et
2158 3405 2540 3478 subdiaconus&

191 3499 477 3553 comitante
529 3498 985 3551 caeremoniarum
1038 3498 1320 3567 magistrO,
1370 3498 1608 3567 quinque
1660 3497 1896 3567 acolythi
1951 3496 2257 3549 ceroferarii
2303 3501 2357 3550 et
2397 3501 2540 3549 tres

189 3583 369 3638 clerici
407 3583 640 3652 capellae
678 3582 747 3635 ad
782 3583 951 3637 altare
988 3582 1130 3634 intra
1167 3582 1343 3634 aulam
1374 3583 1630 3636 accedent
1670 3588 1726 3636 et
1762 3582 1966 3636 Summi
2001 3581 2278 3634 Pontificis
2315 3560 2540 3642 adven-²}

188 3675 307 3722 tum
322 3667 328 3674 '
342 3667 745 3738 exspectabunt.
2513 3682 2515 3686 ⁴

152 3740 155 3743 Α
335 3754 419 3805 16.
453 3751 873 3806 Eminentissimi
910 3753 1217 3806 Cardinales
1242 3752 1478 3806 ‘scamna
1526 3757 1651 3807 ante
1697 3754 1867 3807 altare
1900 3753 2094 3823 papale
2130 3756 2321 3822 parata
2356 3741 2510 3805 occu-4

188 3838 410 3910 pabunt.
2538 3875 2540 3877 .

337 3926 418 3976 17.
455 3922 578 3975 Duo
614 3922 863 3993 Episcopi
910 3940 1008 3993 pro
1055 3922 1194 3977 libro
1232 3928 1286 3976 et
1325 3923 1547 3977 candela
1584 3942 1752 3995 prope
1787 3923 2142 3978 faldistorium
2179 3929 2304 3977 ante
2338 3924 2540 3976 altare

190 4009 537 4081 praedictum.
