2540 4282
0 0 102 62 {w

666 71 1182 171 Litterae-Apostolicae
1214 103 1293 147 SS.
1323 105 1380 145 D.
1411 105 1468 146 N.
1499 104 1571 145 Pii
1600 103 1690 145 ΡΡ.
1722 104 1807 146 ΙΧ.
1918 96 1922 101 ’
2342 97 2399 150 69

81 247 308 322 praediti
345 264 452 299 non
476 240 636 315 sunt,
690 247 885 316 aliique
924 264 1132 314 omneS,
1183 246 1273 316 qui
1310 246 1514 299 ratione
1554 245 1784 315 cujusvis
1823 244 2128 298 demandati
2165 264 2197 299 a
2232 245 2403 299 Nobis

32 375 38 380 „
79 331 359 391 ministerii
383 331 768 386 Conciliaribus
803 332 1275 402 disceptationibus
1312 333 1568 385 inservire
1607 332 1819 400 debent,
1850 326 2215 400 juramentum
2253 332 2404 384 emit-

0 467 3 470 .
49 425 193 477 ,tere
231 424 513 472 teneantur
552 419 618 471 de
656 436 877 472 munere
915 418 1142 471 fideliter
1195 418 1463 486 obeundo,
1517 423 1569 471 et
1626 419 1692 472 de
1744 417 1934 471 secreti
1985 416 2089 468 fide
2142 415 2404 470 servanda

36 528 50 581 ὲ
80 507 219 560 61166
258 523 320 558 66
359 506 550 574 01111116,
590 523 726 576 quae
765 522 925 580 supra
961 504 1290 573 praescripta
1327 508 1449 555 sunt
1463 544 1483 570 ,.
1514 522 1720 557 necnon
1757 521 1916 575 super
1951 503 2015 555 iis
2051 503 2227 571 rebus,
2265 521 2404 573 quae

33 584 50 606 ⁵
70 591 379 663 ‘specialiter
415 593 542 662 ipsis
581 592 992 661 committentur.

25 1175 56 1331 *nsahtxx‘
36 1148 42 1156 -
24 1106 39 1131 ¹³·-
24 1070 45 1081 ξ’
30 979 35 987 ‘
52 940 58 951 ᾗ
36 898 56 912 ρ

1193 753 1290 806 IV.

263 887 354 947 De
397 887 596 947 ordine
639 887 884 964 sedendi,
934 893 983 946 et
1027 886 1094 946 de
1136 905 1251 945 nou
1290 885 1589 964 inferendo
1637 887 1812 948 alicui
1840 890 2221 968 praejudicio.

225 1045 360 1105 Cum
385 1045 455 1098 ad
479 1045 919 1115 tranquillitatem
958 1042 1404 1113 concordiamque
1441 1043 1743 1110 animorum
1781 1040 2038 1095 tuendam
2074 1061 2181 1096 non
2219 1061 2411 1114 parum

71 1132 337 1194 momenti
372 1131 594 1199 habeat,
643 1133 687 1183 si
735 1131 789 1182 in
837 1129 1162 1200 quibusllbet
1200 1127 1587 1181 Conciliaribus
1625 1127 1833 1180 actibus
1880 1131 2245 1199 unusquisque
2283 1148 2412 1183 suae

83 1217 358 1288 dignitatis
398 1216 638 1270 ordinem
675 1218 904 1271 fideliter
943 1234 1005 1268 ac
1043 1215 1283 1268 modeste
1323 1214 1610 1267 custodiat:
1663 1213 1787 1266 hinc
1824 1212 1894 1265 ad
1933 1214 2283 1267 offensionum
2330 1233 2412 1270 oc-

84 1305 337 1373 casioneS,
376 1305 553 1374 quoad
593 1305 705 1373 ejus
743 1303 858 1356 fieri
895 1303 1078 1373 possit,
1116 1301 1524 1372 praecidendas,
1561 1302 1957 1371 infrascriptum
1996 1301 2237 1353 ordinem
2275 1301 2415 1355 inter
2482 1359 2485 1361 ,
2532 1330 2540 1333 >

33 1420 40 1436 ,
85 1390 320 1444 diversas
360 1391 646 1462 dignitates
686 1390 888 1443 servari
924 1389 1352 1460 praescribimus,

226 1477 469 1530 Primum
507 1479 683 1530 locum
722 1470 1040 1529 obtinebunt
1078 1475 1201 1528 VV.
1224 1476 1329 1528 FF.
1357 1475 1478 1528 NN.
1505 1476 1555 1529 S.
1579 1475 1644 1528 R.
1682 1475 1743 1527 E.
1784 1475 2108 1542 Cardinales,
2140 1475 2416 1549 Episcopi,

19 1557 48 1646 ⁴,ss
84 1562 408 1633 Presbyteri,
446 1563 689 1615 Diaconi.
764 1562 1069 1616 Secundum
1106 1561 1468 1614 Patriarchae.
1544 1561 1818 1628 Tertium,
1857 1578 1926 1613 ex
1964 1560 2180 1630 speciali
2217 1547 2418 1615 Nostra

32 1696 38 1713 ,
85 1648 433 1719 indulgentia,
471 1650 753 1717 PrimateS,
786 1650 944 1718 juxta
983 1648 1224 1700 ordinem
1263 1665 1391 1700 suae
1429 1638 1779 1718 promotionis
1806 1646 1875 1699 ad
1899 1646 2265 1708 Primatialem
2297 1662 2417 1715 gra-

35 1738 49 1755 ’“
83 1733 229 1789 dum.
302 1735 370 1787 Id
407 1741 587 1788 autem
624 1754 721 1806 pro
761 1735 862 1788 hac
899 1735 1015 1787 vice
1062 1738 1272 1787 tantum
1318 1734 1690 1804 indulgemUS,
1743 1738 1903 1804 atque
1956 1733 2061 1800 ita,
2113 1737 2280 1804 utex
2316 1731 2418 1784 hac

69 1822 285 1892 *Nostra
321 1822 660 1875 concessione
711 1822 918 1874 nullum
964 1822 1051 1890 jus
1089 1821 1177 1873 vel
1227 1821 1356 1891 ipsis
1394 1820 1722 1873 Primatibus
1778 1820 1961 1872 datum
2013 1819 2101 1871 vel
2154 1817 2271 1870 aliis
2321 1817 2418 1868 im-

25 1895 352 1960 Nminutum
404 1908 607 1962 censeri
658 1908 866 1961 debeat.
956 1908 1219 1969 Quartum
1272 1908 1448 1959 locum
1500 1907 1759 1960 tenebunt
1810 1904 2216 1975 Archiepiscopi
2261 1904 2420 1972 juxta

0 2008 64 2068 3‘.
83 2012 215 2047 suae
267 1995 335 2047 ad
385 1994 920 2065 Archiepiscopatum
973 1994 1320 2064 promotionis
1375 1993 1632 2046 ordinem.
1726 1993 1984 2055 Quintum
2022 1991 2305 2062 Episcopi,
2357 2007 2422 2042 66

35 2088 37 2090 ’
87 2082 287 2151 pariter
319 2082 477 2150 juxta
514 2079 756 2134 ordinem
794 2081 1143 2151 promotionis
1169 2098 1311 2132 suae.
1370 2079 1596 2132 Sextum
1621 2079 1864 2132 Abbates
1889 2078 2104 2132 Nullius
2130 2075 2419 2130 Dioecesis.

90 2169 386 2238 Septimum
424 2168 665 2221 Abbates
704 2168 994 2221 Generales
1046 2168 1244 2238 aliique
1285 2167 1576 2220 Generales
1614 2166 1980 2219 Moderatores
2021 2164 2284 2219 Ordinum
2317 2163 2423 2216 R-e-

88 2254 416 2324 ligiosorum,
454 2255 509 2306 in
549 2255 743 2325 quibus
779 2255 1035 2307 solemnia
1071 2258 1196 2321 vota
1233 2257 1627 2324 nuncupantur,
1668 2253 1875 2305 etiamsi
1899 2251 2104 2305 Vicarii
2144 2250 2421 2303 Generalis

88 2342 243 2394 titulo
283 2341 644 2411 appellentur
694 2341 820 2392 dum
856 2337 1035 2394 tamen
1073 2358 1130 2393 re
1167 2341 1283 2410 ipsa
1321 2358 1442 2392 cum
1481 2339 1725 2393 omnibus
1778 2338 2013 2409 supremi
2067 2335 2420 2389 moderatoris

81 2427 295 2498 juribus
335 2432 387 2481 et
424 2428 716 2498 privilegiis
755 2427 1003 2479 universo
1043 2445 1137 2479 suo
1179 2427 1369 2480 Ordini
1406 2427 1644 2496 legitime
1682 2430 1951 2495 praesunt.

234 2513 484 2567 Ceterum
523 2532 592 2567 ex
630 2514 964 2584 superiorum
993 2511 1352 2565 Conciliorum
1377 2512 1655 2609 disciplina
1681 2512 2030 2581 institutoque
2070 2509 2423 2576 decernimuS,

35 2614 39 2618 ·
91 2600 265 2671 quod,
310 2602 355 2653 si
389 2602 528 2654 forte
568 2601 876 2670 contigerit,
926 2601 1130 2668 aliquos
1169 2599 1348 2651 debito
1387 2599 1442 2650 in
1479 2598 1595 2651 loco
1634 2616 1741 2651 non
1779 2598 1994 2665 sedere,
2044 2601 2097 2648 et
2134 2595 2424 2648 sententias

0 2692 3 2693 ’
35 2756 37 2765 ¹
93 2688 254 2740 etiam
292 2689 390 2741 sub
428 2689 593 2741 verbo
630 2691 809 2756 placet
843 2687 1098 2758 proferre,
1138 2685 1641 2755 congregationibus
1678 2686 1960 2751 interesse,
2011 2687 2063 2735 et
2100 2682 2231 2735 alios
2269 2698 2425 2751 quos-

34 2771 36 2774 ’
68 2784 320 2845 -cumque
358 2779 507 2828 actus
545 2776 746 2842 facere,
784 2773 1020 2826 Concilio
1060 2773 1313 2840 durante,
1350 2772 1483 2824 nulli
1520 2775 1804 2841 propterea
1840 2769 2227 2841 praejudicium
2266 2784 2426 2837 gene-

91 2866 240 2914 retur
277 2862 516 2932 nullique
553 2880 753 2914 novum
783 2862 873 2931 jus
912 2861 1216 2931 acquiratur
1238 2859 1273 2911 ¹.

1224 3038 1293 3091 V.

555 3172 647 3231 De
693 3170 997 3231 Judicibus
1044 3172 1463 3230 excusationum
1509 3174 1561 3228 et
1603 3168 1973 3248 querelarum.

206 3335 208 3337 ’
242 3329 358 3391 Quo
398 3328 704 3399 graviorum
742 3343 922 3378 rerum
969 3325 1340 3397 pertractatiO,
1395 3342 1531 3394 quae
1580 3324 1635 3374 in
1686 3322 1788 3374 hac
1827 3319 2173 3374 Sacrosancta
2210 3321 2427 3392 Synodo

0 3418 8 3472 ’,
40 3398 75 3475 {f
97 3416 187 3486 agi
225 3416 405 3485 gerive
445 3414 672 3481 debent,
709 3414 884 3465 minus
921 3430 1082 3483 quam
1119 3412 1236 3464 fieri
1273 3412 1463 3481 possit,
1516 3410 1838 3480 impediatur
1890 3412 1982 3461 aut
2019 3407 2321 3460 retardetur
2359 3407 2427 3460 ob

0 3537 13 3566 2.
39 3493 457 3571 sf‘cognitionem
497 3518 791 3565 causarum,
831 3515 967 3568 quae
1000 3498 1236 3568 singulos
1260 3498 1577 3568 respiciunt:
1618 3496 1914 3563 statuimUS,
1953 3499 2014 3547 ut
2039 3495 2153 3565 ipsa
2180 3492 2432 3565 Synodus

0 3586 10 3626 ὲ
49 3655 52 3658 .
99 3604 194 3657 per
233 3586 513 3640 schedulas
551 3590 779 3639 secretas
818 3585 1052 3654 quinque
1091 3601 1159 3635 ex
1199 3583 1420 3636 Concilii
1457 3582 1709 3635 Patribus
1763 3583 1926 3652 eligat
1973 3582 2029 3633 in
2066 3584 2284 3651 Judz‘ces
2323 3596 2428 3635 ex—

101 3679 449 3741 cusationum
502 3690 729 3743 quorum
786 3671 887 3724 erit
939 3668 1338 3766 procurationes
1393 3673 1445 3721 et
1502 3668 1870 3721 excusationes
1908 3667 2281 3720 Praelatorum
2336 3665 2435 3718 ab-

1 3780 9 3801 s
54 3771 102 3828 J.
101 3759 353 3827 sentium,
400 3775 606 3811 necnon
646 3775 829 3834 eorum
866 3758 1156 3827 postulata,
1208 3756 1329 3826 qui,
1382 3754 1618 3854 Cone-flio
1657 3754 1895 3807 nondum
1934 3754 2181 3822 dimisso,
2227 3753 2429 3823 justam

221 3967 236 3995 ¹
269 3949 557 4011 ConcsTrid.
591 3969 709 4011 Sess.
741 3969 802 4022 11,
832 3968 1006 4009 Decret.
1041 3968 1137 4021 „De
1167 3965 1280 4007 mod.
1312 3959 1432 4007 viv.“
1468 3962 1490 4016 ἓ
1522 3959 1718 4015 Insuper.
