2540 4282
76 181 81 196 ”
154 173 216 224 24
267 217 270 222 ,
782 175 1015 229 'Epistola
1043 168 1282 264 Flncyclica
1311 173 1410 218 Em.
1441 171 1572 214 Card.
1605 170 1815 253 Oaterini.

302 322 348 372 3.
405 319 681 386 Quaenam
718 316 961 369 adhiberi
998 312 1213 384 possent
1262 313 1498 366 remedia
1551 281 1618 366 ad
1671 313 2009 384 impedienda
2046 316 2194 368 01313·
2226 334 2295 369 ex
2332 303 2521 418 civilis

161 405 612 544 (100(1431111011301
646 402 982 455 matrimonio
1019 399 1423 470 provenientia?
2190 411 2195 418 ·

340 491 654 543 ,Pluribus
691 490 745 539 in
782 488 936 554 locis,
975 486 1085 544 0101
1107 487 1352 538 haereses
1390 486 1606 556 impune
1644 464 1968 564 grassantur,
2006 486 2176 539 mixta
2191 488 2478 542 connubia

159 597 230 632 ex
268 577 471 631 Summi
510 573 782 627 Pontificis
821 573 1214 642 dispensatione
1265 571 1582 641 quandoque
1620 566 2025 640 permittuntur,
2078 572 2203 628 sub
2225 591 2476 644 expressa

86 694 88 698 ·
158 669 338 717 tamen
376 661 673 714 conditione
723 659 788 711 de
838 658 1242 728 praemittendis
1294 658 1604 709 necessariis
1653 646 2072 729 opportunisque
2125 660 2518 728 cautionibus,>

159 751 225 802 iis
262 748 587 819 praesertim
627 762 763 814 quae
799 745 1030 803 naturali
1068 762 1129 797 ac
1170 744 1348 795 divino
1378 744 1500 815 J'ure
1537 742 1592 792 in
1630 741 1774 794 hisce
1813 743 2088 799 connubiis
2119 742 2476 826 requiruntur.

157 836 377 889 Minime
415 832 660 884 dubitare
696 831 775 883 fas
814 834 918 897 est,
966 831 1093 899 quin
1131 831 1367 882 locorum
1406 827 1675 904 Ordinarii
1716 829 1782 881 ab
1821 808 2126 906 hujusmodi
2164 823 2477 884 contrahen-

109 915 113 919 ’
161 923 241 974 (113
278 904 476 989 nuptiis
513 918 695 970 fideles
723 919 976 969 'avertant
1014 934 1074 968 ac
1115 893 1442 983 deterreant,
1488 896 1542 967 et
1579 913 1824 983 tandem,
1873 916 1918 967 si
1955 926 2147 985 graves
2186 913 2359 970 adsint
2395 934 2479 971 ra-
2529 954 2535 959 -

159 1009 344 1073 tiones,
382 1006 437 1057 in
475 1002 789 1099 exequenda
827 1002 1115 1071 apostolica
1151 1002 1403 1054 facultate
1431 1000 1770 1069 dispensandi
1794 956 1951 1077 301101·
1976 1003 2178 1056 mixtae
2203 1003 2477 1074 religionis
2514 1016 2528 1070 ·{

88 1083 94 1091 ’
159 1091 568 1162 impedimentO,
608 1089 751 1142 omni
789 1106 915 1140 cura
953 1086 1234 1168 studioque
1272 1087 1583 1183 advigilent,
1620 1091 1680 1138 ut
1719 1086 1892 1140 dictae
1931 1086 2283 1166 conditiones,
2311 1089 2498 1165 sicuti.-

91 1193 95 1198 ·
163 1195 260 1248 par
312 1182 419 1245 est,
474 1178 530 1229 in
581 1180 695 1229 tuto
749 1179 1028 1245 ponantur.
1117 1172 1192 1225 At
1247 1173 1517 1225 enimvero
1552 1160 1887 1262 postquam
1914 1171 2211 1258 promissae:¹
2261 1175 2530 1262 fuerint„

161 1267 408 1315 sanctene
447 1262 834 1332 diligenterque
872 1253 1174 1329 adimpleri
1190 1260 1409 1327 solent,
1426 1252 1497 1312 et
1535 1238 1887 1332 (1111110303οῃ
1876 1241 2090 1313 {mediis
2114 1252 2293 1331 posset
2318 1256 2515 1357 1113ον

162 1350 353 1417 caveri,
391 1366 458 1402 ne
496 1349 612 1419 quis
650 1367 681 1401 a
718 1348 855 1400 datis
894 1344 1227 1420 cautionibus
1265 1345 1561 1398 servandis
1577 1347 1779 1409 temere
1818 1364 1888 1401 se.
1913 1347 2206 1400 subducat?
2308 1402 2313 1407 ,
2461 1351 2470 1358 “

305 1437 353 1488 5.
392 1434 669 1496 Quomodo
709 1433 1031 1501 enitendum,
1071 1437 1130 1484 ut
1168 1433 1223 1484 in
1260 1431 1670 1513 praedicatione
1689 1426 1838 1484 verbi
1866 1432 1969 1509 Dei
1994 1441 2173 1486 sacrae
2200 1407 2480 1509 conciones
2516 1434 2538 1467 ·'

162 1521 227 1574 03
263 1521 524 1590 gravitate
562 1537 768 1589 semper
807 1518 1133 1586 habeantur,
1185 1523 1245 1570 ut
1297 1519 1363 1570 ab
1418 1520 1560 1571 omni
1611 1518 1891 1578 vanitatise
1911 1523 1963 1571 et
2000 1516 2252 1574 novitatis
2289 1511 2479 1590 spiritu

97 1627 100 1630 ’
162 1610 568 1702 praeserventur
605 1606 893 1674 immunes,
932 1592 1167 1695 itemque
1208 1605 1376 1656 omnis
1415 1604 1687 1657 doctrinae
1725 1605 1889 1673 ratic,
1882 1622 2054 1674 quae
2073 1597 2316 1659 traditur
2351 1604 2514 1678 101ος

96 1698 103 1719 ’·
161 1692 319 1759 libus,
357 1691 412 1743 10
450 1691 612 1746 verbo
644 1691 747 1744 Dei
785 1709 843 1743 re
880 1682 996 1760 ipsa
1034 1690 1383 1766 contineatur,
1423 1691 1650 1797 ideoque
1679 1708 1758 1744 ex
1796 1660 2056 1760 scriptura
2095 1696 2147 1745 et
2185 1682 2512 1789 traditibni--

162 1778 295 1846 1103,
315 1778 451 1829 sicut
488 1776 655 1843 decet,
693 1769 1006 1850 hauriatur?
2494 1764 2502 1772 ’

306 1866 352 1916 6.
390 1862 694 1917 Dolen'dum
731 1880 1069 1933 summopere
1098 1867 1201 1930 .,est
1239 1868 1300 1914 ut
1336 1865 1621 1933 populares
1659 1820 1893 1931 scholae,
1927 1882 2063 1957 quae
2100 1856 2285 1934 patent
2314 1845 2481 1953 01001·-
2510 1909 2540 1919 ..

133 1948 264 2002 ‘bus
303 1950 562 2018 cujusque
596 1967 625 2003 e
662 1951 860 2019 populo
898 1942 1103 2002 classis
1100 1949 1320 2024 pueris,
1359 1967 1421 2002 30
1451 1947 1682 2019 publica*
1711 1944 2019 2013 universim
2037 1951 2305 2018 instituta,
2344 1932 2535 2021 quae·

161 2034 351 2087 litteris
389 2035 850 2106 severioribusque
892 2035 1179 2105 disciplinis
1222 2036 1515 2101 tradendis
1534 2040 1586 2089 et
1623 2026 1925 2097 educationi
1956 2035 2251 2106 juventutis
2295 2019 2540 2107 curan-'3⁴¹

163 2119 265 2172 dae
302 2124 424 2172 sunt
463 2119 754 2199 destinata,
809 2122 1111 2174 eximantur
1162 2121 1405 2191 pluribus
1457 2122 1512 2172 in
1564 2123 1693 2194 10013
1745 2124 1812 2178 ab
1851 2115 2119 2179 Ecclesiae
2166 2123 2483 2221 ‘auctoritate

163 2206 511 2276 moderatrice
548 2207 601 2258 vi
640 2212 693 2259 et
729 2207 961 2275 influxu,
999 2208 1265 2278 plenoque
1305 2207 1473 2260 civilis
1511 2228 1573 2262 30
1610 2188 1856 2279 politicae
1889 2202 2225 2272 auctoritatis
2261 2209 2483 2283 arbitrio‘

162 2271 510 2360 subjiciantur
549 2294 617 2345 ad
654 2294 1054 2363 imperantium
1083 2294 1280 2364 placita
1334 2291 1418 2346 et
1436 2291 1505 2362 ad
1534 2295 1905 2389 pommunium
1942 2296 2132 2348 aetatis
2172 2295 2537 2387 opinioni-uns

64 2423 76 2440 ,
132 2378 440 2462 ,.amussim:
497 2379 747 2448 quidnam
798 2379 999 2453 itaque
1018 2380 1156 2432 effici
1193 2381 1428 2450 posset,
1458 2397 1561 2458 quo
1613 2383 1907 2449 congruum
1953 2385 2101 2433 tanto
2139 2381 2279 2434 malo
2316 2381 2484 2433 reme-

160 2457 324 2516 dium
350 2464 616 2532 afferatur,
656 2472 707 2518 et
745 2465 941 2518 Christi
972 2465 1221 2549 fidelibus
1259 2471 1506 2536 suppetat
1544 2467 1833 2553 catholicae
1870 2467 2229 2563 instructionis
2267 2471 2320 2518 et
2355 2458 2483 2519 0(111’-
2502 2449 2538 2548 ’ῃ

82 2606 90 2614 ,
162 2550 387 2602 cationis
423 2549 822 2619 adjumentum?

121 2704 125 2709 .
226 2642 251 2697 ,’
311 2638 358 2688 7.
402 2635 637 2689 Maxime
675 2638 920 2706 interest,
958 2634 1018 2690 ut
1055 2637 1416 2690 adolescentes
1453 2635 1632 2691 clerici
1670 2636 2072 2704 humanioribus
2110 2638 2299 2705 littejris
2335 2630 2513 2691 seve-5

167 2721 500 2800 rioribusque
553 2709 841 2793 disciplinis
893 2730 1036 2805 recte
1085 2724 1407 2776 imbuantur
1482 2724 1657 2785 Quid
1673 2715 1837 2794 igitur
1875 2715 2163 2793 praescribi
2200 2727 2378 2794 posset
2414 2721 2540 2794 ad4¹

141 2806 326 2867 'Cleri
346 2808 728 2862 institutionem
766 2800 935 2879 magis
973 2827 1035 2862 ac
1072 2811 1244 2879 magis
1274 2809 1555 2862 fovendam
1579 2810 2048 2901 accommodatum,
2065 2810 2399 2900 praesertim
2424 2813 2486 2887 ut

114 2898 122 2958 ζ
169 2893 452 2948 latinarum
488 2893 813 2963 litterarum,
867 2896 1138 2947 rationalis
1188 2895 1555 2965 philosophiae
1608 2895 1674 2949 ab
1715 2896 1859 2950 omni
1898 2882 2093 2966 erroris
2130 2884 2395 2967 periculo
2402 2895 2484 2972 10-

118 3019 124 3048 ,
168 2981 482 3053 taminatae,
536 2984 695 3033 sanae
732 2981 1033 3051 theologiae
1066 2982 1310 3050 jurisque
1347 2982 1583 3034 03000101
1621 2981 1855 3033 studium
1899 2999 1955 3080 10
1994 2982 2287 3034 seminariis
2308 2962 2529 3050 potis-⁵.

118 3062 124 3116 Ῐ
173 3067 366 3117 simum
405 3064 729 3120 dioecesanis
760 3053 1011 3120 floreat?
2483 3055 2499 3082 ”

315 3154 362 3204 8.
416 3151 745 3214 Quibusnam
782 3153 970 3206 mediis
1009 3152 1277 3205 excitandi
1316 3157 1507 3224 essent,
1530 3152 1721 3206 Clerici
1739 3179 1760 3220 ,·
1806 3153 1911 3226 quig
1947 3153 2260 3222 praesertim
2313 3168 2485 3204 sacer·
2510 3147 2539 3179 ·’

173 3235 317 3288 dotio
357 3242 477 3289 sunt
508 3228 738 3306 initiati,
783 3243 853 3305 -ut
883 3257 1096 3292 emenso
1118 3239 1434 3312 >scholarum
1489 3239 1779 3307 curricu'IO,
1834 3233 2020 3308 studiis
2068 3237 2399 3312 theologicis⁸
2433 3242 2488 3290 et
2535 3292 2538 3298 ,

91 3364 98 3371 .
175 3308 438 3375 030001013
481 3324 775 3394 impensius
826 3332 1016 3378 vacare
1067 3342 1174 3377 non
1228 3324 1529 3376 desistant?
1611 3323 1913 3376 Praeterea
1957 3322 2085 3394 quid
2142 3317 2484 3402 statuendum
2537 3346 2540 3353 ·

175 3407 631 3505 efficiendumque,
668 3416 727 3463 ut
765 3410 856 3481 qui
893 3411 962 3463 ad
999 3429 1173 3463 sacros
1214 3411 1424 3483 ordines
1460 3411 1566 3493 jam
1600 3399 1844 3480 promoti,
1880 3402 2282 3462 e'xcellentio'ri
2267 3400 2484 3492 1030010

125 3535 133 3551 .
175 3493 434 3563 praediti,
486 3496 540 3546 in
594 3495 934 3550 decurrendis
985 3495 1354 3566 philosophiae
1403 3515 1465 3550 30
1512 3492 1813 3566 theologiae
1850 3482 2037 3547 studiis
2074 3485 2491 3566 praestantiores
2523 3540 2527 3545 .

175 3575 347 3631 habiti
383 3585 535 3647 sunt,
584 3580 786 3653 possint
835 3583 891 3633 in
940 3582 1132 3634 divinis
1171 3583 1439 3652 sacrisque
1479 3582 1724 3635 omnibus
1762 3581 2051 3654 disciplinis
2088 3585 2140 3633 et
2176 3574 2540 3654 nominatim-[⁴

130 3661 192 3711 ³.
176 3682 232 3717 10
285 3664 591 3717 divinarum
635 3665 1072 3735 Scripturarum,·
1116 3656 1428 3733 Sanctorum
1481 3661 1704 3737 Patrum
1722 3708 1735 3734 ,
1794 3667 2198 3749 ecclesiasticae
2234 3657 2488 3755 historiae
2529 3670 2534 3675 ”

178 3749 420 3819 sacrique
451 3751 586 3818 juris
624 3752 840 3804 scientia
876 3754 1086 3821 penitus
1125 3753 1332 3805 excoli?
1388 3787 1396 3815 2
2400 3797 2405 3803 ,
2491 3744 2496 3763 ”
2529 3746 2532 3751 ’

323 3838 369 3888 9.
417 3835 592 3888 Juxta
625 3853 708 3902 ea,
742 3853 875 3932 quae
914 3854 946 3888 a
981 3824 1217 3891 Concilio
1255 3839 1564 3892 Tridentino
1603 3840 1668 3907 (c.
1710 3840 1789 3891 16.
1830 3812 1966 3890 Sess.
2007 3840 2090 3890 23.
2129 3838 2195 3890 (10
2231 3827 2488 3926 Reform.)
2521 3848 2537 3881 ’-

145 3931 152 3940 ·
180 3921 633 3997 praescribuntur,
673 3921 987 3991 quicumque
1025 3908 1321 3990 ordinatur,
1337 3925 1427 3976 illi
1464 3924 1732 3978 Ecclesiae
1770 3929 1864 3976 aut
1900 3917 1988 3993 pio
2028 3924 2168 3991 1000,
2206 3939 2301 3992 pro
2325 3922 2488 3990 cujus

133 4074 142 4087 ·
181 4007 493 4060 necessitate
531 4010 623 4098 au't
658 4007 885 4059 utilitate
923 4009 1222 4076 assumitur,
1259 4009 1490 4062 adscribi
1528 4009 1702 4077 debet,
1740 4008 1833 4073 ubi
1871 4009 1979 4074 suis
2015 4008 2269 4078 fungatur
2306 4013 2500 4102 10110οᾖ

592 4106 594 4109 ,
1913 4079 1921 4118 ἰ
