2496 4264
125 170 180 207 lV
1198 146 1358 186 Index.

121 335 226 409 VII.
276 361 427 415 [Bulla
469 358 843 412 Convocationis]
914 357 1197 401 Sanctissimi
1238 357 1416 398 Domini
1455 357 1610 399 Nostri
1639 357 1726 398 Pii
1769 356 1938 399 Divina
1980 357 2269 400 Providentia

234 443 387 496 Papae
415 441 501 483 IX.
534 441 730 482 Litterae
760 440 1047 494 Apostolicae
1077 440 1236 492 quibus
1276 439 1485 480 indicitur
1516 437 1859 480 Oecumenicum
1889 436 2141 479 Concilium
2169 439 2283 480 Ro-

233 534 331 564 mae
370 519 619 563 habendum
658 524 701 561 et
742 519 812 559 die
852 518 1172 561 Immaculatae
1209 517 1498 573 conceptioni
1526 518 1753 573 Deiparae
1782 519 1985 570 Virginis
2027 529 2152 559 sacro
2195 531 2264 560 an.

313 4002 556 4044 Interdicta
584 4004 701 4044 latae
732 4009 978 4048 sententiae
1009 4014 1237 4050 reservata

2334 290 2438 340 Pag.

236 602 346 643 1869
376 599 687 653 incipiendum.
749 596 970 659 (Emis-sae
1001 597 1070 639 die
1103 599 1156 639 29
1189 598 1314 639 Junii
1344 611 1380 639 a.
1417 594 1550 650 1868)
1605 627 1616 637 .
2380 600 2436 640 48

118 706 251 750 VIII.
297 704 575 747 Sanctissimi
604 704 779 745 Domini
808 701 961 744 Nostri
990 703 1066 752 Pii
1092 702 1259 743 Divina
1288 700 1577 743 Providentia
1606 701 1760 754 Papae
1791 700 1879 742 IX.
1912 700 2113 742 Litterae
2137 701 2268 756 Apo-

234 786 416 828 stolicae
456 783 511 825 ad
548 795 696 824 omnes
726 783 972 837 Episcopos
1003 783 1307 824 Ecclesiamm
1338 781 1469 822 Ritus
1508 782 1736 823 orientalis
1779 783 2127 822 communionem
2168 783 2267 823 cuin

233 864 492 918 Apostolica
522 861 637 904 Sede
667 875 756 905 non
785 862 1002 903 habentes
1078 892 1088 901 .
2381 863 2437 904 54

116 969 202 1010 IX.
235 966 510 1009 Sanctissimi
537 965 717 1007 Domini
746 965 899 1007 Nostri
927 966 999 1007 Pii
1029 966 1194 1006 Divina
1222 965 1511 1006 Providentia
1542 966 1693 1018 Papae
1724 963 1810 1006 IX.
1842 963 2039 1005 Litterae
2065 963 2265 1018 Aposto-

231 1049 342 1089 licae
372 1045 427 1087 ad
457 1058 605 1087 omnes
635 1047 940 1087 Protestantes
972 1046 1169 1098 aliosque
1200 1044 1485 1086 Acatholicos
2380 1045 2435 1086 56

116 1150 176 1192 X.
223 1148 595 1203 congregationes
627 1150 670 1189 et
700 1146 1062 1201 Commissiones‚
1094 1159 1207 1201 quae
1240 1149 1447 1188 materIas
1478 1148 1523 1186 in
1554 1145 1753 1188 Concilio
1785 1146 2102 1187 examinandas
2132 1158 2267 1200 prae-
2409 1202 2411 1204 -

231 1232 501 1284 paraverunt
561 1257 570 1267 .
2380 1226 2435 1268 59

315 1308 605 1362 Congregatio
638 1306 934 1348 Cardinalicia
965 1306 1177 1348 directrix
1210 1338 1220 1347 .
2379 1307 2436 1350 59

317 1387 578 1430 Commissio
611 1389 974 1428 caerimoniarum
2379 1386 2436 1430 59

317 1467 577 1510 Commissio
606 1467 1119 1520 politico-ecclesiastica
1206 1495 1218 1506 .
2379 1466 2435 1508 59

320 1547 580 1589 Commissio
608 1560 687 1601 pro
719 1547 919 1588 ecclesiis
951 1550 994 1586 et
1023 1546 1310 1587 missionibus
1343 1545 1539 1588 Orientis
1598 1575 1608 1585 .
2380 1548 2436 1590 60

320 1628 581 1669 Commissio
611 1639 691 1680 pro
724 1627 1003 1680 regularibus
1087 1656 1095 1664 .
2380 1628 2437 1670 60

314 1707 577 1748 Commissio
610 1706 1139 1760 theologico-dogmatica
1206 1736 1215 1745 .
2378 1709 2436 1750 60

314 1785 574 1828 Commissio
604 1800 685 1842 pro
716 1786 951 1840 disciplina
981 1786 1286 1826 ecclesiastica
1339 1815 1349 1824 .
2379 1789 2432 1833 61

114 1889 200 1931 ΧΙ.
240 1888 436 1930 Litterae
459 1889 743 1942 Apostolicae
768 1888 847 1932 SS.
871 1890 927 1930 D.
951 1889 1007 1929 N.
1030 1889 1102 1929 Pii
1124 1889 1213 1929 ΡΡ.
1232 1889 1333 1941 ΙΧ.,
1357 1890 1519 1942 quibus
1543 1890 1598 1930 ob
1622 1888 1821 1930 futurum
1845 1887 2093 1931 Concilium
2110 1889 2264 1931 indul-

227 1971 374 2026 gentia
395 1970 595 2024 plenaria
618 1972 665 2010 in
697 1969 839 2011 forma
864 1970 1052 2022 jubilaei
1078 1969 1280 2009 omnibus
1305 1968 1510 2010 fidelibus
1537 1969 1803 2010 conceditur.
1836 1969 1875 2010 d.
1907 1971 1973 2011 11.
2000 1970 2110 2025 Apr.
2146 1970 2258 2011 1869
2377 1972 2433 2013 62

114 2067 224 2110 XII.
265 2069 460 2110 Litterae
488 2070 775 2124 Apostolicae
805 2069 885 2112 SS.
915 2071 970 2112 D.
1003 2071 1057 2111 N.
1089 2072 1160 2112 Pii
1190 2072 1281 2113 ΡΡ.
1314 2073 1423 2125 ΙΧ.,
1470 2073 1634 2125 quibus
1666 2071 1770 2113 ordo
1802 2073 2023 2126 generalis
2056 2075 2264 2115 statuitur

224 2149 271 2188 in
303 2148 380 2190 SS.
415 2148 518 2191 Oec.
552 2149 750 2192 Concilio
778 2149 995 2192 Vaticano
1032 2151 1354 2192 observandus.
1388 2151 1428 2192 d.
1462 2153 1528 2192 27.
1561 2153 1682 2194 Now·
1712 2153 1824 2193 1869
1851 2183 1861 2192 .
2378 2156 2433 2197 66

315 2229 350 2269 I.
381 2230 450 2270 De
478 2228 606 2270 modo
637 2230 817 2272 vivendi
845 2233 892 2272 in
925 2229 1120 2273 Concilio
2377 2235 2432 2276 61

313 2308 370 2348 II.
401 2310 470 2350 De
494 2309 597 2362 jure
627 2313 671 2350 et
699 2310 828 2351 modo
858 2311 1130 2365 proponendi
1211 2343 1220 2351 .
2377 2315 2433 2356 68

311 2387 396 2428 ΙΙΙ.
429 2388 497 2428 De
526 2392 697 2431 secreto
730 2391 947 2432 servando
978 2395 1024 2432 in
1056 2390 1251 2433 Concilio
1336 2422 1347 2432 .
2379 2395 2434 2436 68

311 2466 393 2508 IV.
423 2467 492 2508 De
522 2468 673 2510 ordine
705 2469 898 2525 sedendi,
931 2474 973 2511 et
1004 2471 1057 2511 de
1088 2484 1173 2511 non
1203 2470 1430 2513 inferendo
1462 2472 1595 2512 alicui
1625 2471 1897 2526 praejudicio
2377 2476 2432 2516 69

309 2546 365 2587 V.
398 2547 467 2588 De
497 2547 734 2590 Judicibus
766 2553 1102 2591 excusationum
1132 2553 1176 2591 et
1207 2552 1485 2604 querelarum
2373 2555 2434 2596 69

312 2627 392 2668 VI.
425 2628 494 2668 De
526 2627 803 2671 Officialibus
836 2629 1022 2671 Concilii
1078 2662 1088 2671 .
2372 2634 2434 2674 ’10
2478 2659 2483 2662 «

322 2706 426 2748 VII.
458 2707 526 2747 De
559 2706 987 2761 Congregat-ionibus
1020 2709 1311 2751 Generalibus
1342 2710 1527 2750 Patrum
1603 2740 1613 2749 .
2380 2714 2432 2754 ’11

325 2785 456 2826 VIII.
487 2786 555 2826 De
587 2785 870 2828 Sessionibus
901 2788 1093 2842 publicis
2246 2822 2256 2831 .
2377 2793 2433 2834 73

315 2864 401 2905 IX.
432 2865 501 2906 De
530 2878 621 2907 non
649 2866 911 2908 discedendo
944 2880 970 2907 a
1000 2867 1199 2909 Concilio
2248 2902 2258 2911 .
2319 2873 2323 2876 ’
2378 2873 2432 2914 ’13

43 2983 58 3007 Α,
313 2946 375 2986 Χ.
406 2945 632 2988 Indultum
663 2947 969 3001 Apostolicum
1000 2947 1053 2988 de
1084 2947 1443 2988 non-residentia
1472 2961 1551 3002 pro
1581 2950 1637 2989 iis
1668 2951 1746 3003 qui
1772 2948 1966 2990 Concilio
1998 2952 2216 2991 intersunt
2246 2981 2256 2992 .
2377 2951 2432 2992 ’14

113 3038 248 3079 XIII.
289 3038 386 3078 Duo
418 3038 581 3080 Brevia
611 3053 638 3080 a
670 3039 748 3082 SS.
779 3041 835 3081 D.
859 3043 915 3082 N.
939 3041 1021 3082 Pio
1044 3042 1135 3082 ΡΡ.
1162 3042 1245 3083 ΙΧ.
1281 3042 1385 3083 data
1408 3041 1758 3097 Archiepiscopo
1790 3044 2259 3087 VVestmonasteriensi

229 3118 283 3159 de
312 3121 516 3160 invitatis
548 3119 603 3160 ad
635 3119 878 3162 Concilium
910 3122 1185 3162 Acatholicis
2355 3111 2431 3166 ²75

315 3197 371 3238 A.
416 3199 582 3239 Datum
613 3201 653 3239 4.
686 3197 806 3254 Sept.
841 3202 951 3241 1869
2374 3204 2429 3245 75

313 3275 365 3316 Β.
415 3277 582 3332 Datum
614 3279 688 3324 30ι
715 3279 812 3321 Oct.
847 3281 958 3320 1869
2372 3285 2428 3333 76

113 3367 244 3411 XIV.
286 3366 553 3411 Constitutio
584 3370 665 3413 SS.
694 3371 746 3412 D.
782 3372 837 3413 N.
869 3374 940 3413 Pii
971 3374 1060 3414 ΡΡ.
1094 3374 1205 3427 ΙΧ.,
1248 3386 1336 3427 qua
1375 3386 1583 3416 numerus
1616 3386 1901 3416 censurarum
1929 3375 2047 3417 latae
2074 3372 2260 3418 'senten-

227 3450 315 3489 tiae
345 3451 639 3502 restringitur.
671 3450 711 3492 d.
746 3453 811 3493 12.
846 3451 941 3492 Oct.
978 3454 1089 3493 1869
2377 3457 2429 3498 ’11

308 3528 797 3572 Excommunicationes
826 3532 943 3573 latae
974 3534 1216 3574 sententiae
1257 3534 1442 3588 speciali
1480 3534 1608 3576 modo
1638 3534 1836 3576 Romano
1866 3534 2073 3577 Pontifici
2111 3548 2261 3577 reser-

425 3611 558 3649 vatae
2373 3615 2428 3658 ’18

313 3685 802 3729 Excommunicationes
832 3690 949 3731 latae
979 3693 1222 3731 sententiae
1251 3691 1449 3734 Romano
1480 3693 1687 3735 Pontifici
1715 3697 1970 3751 reservatae
2375 3697 2431 3737 80

314 3764 803 3808 Excommunicationes
831 3769 948 3810 latae
980 3773 1220 3812 sententiae
1249 3770 1483 3827 Episcopis
1515 3775 1613 3815 sive
1643 3772 1890 3814 Ordinariis
1921 3778 2176 3815 reservatae
2250 3803 2261 3814 .
2374 3777 2427 3816 81
2487 3760 2491 3766 ⁸

315 3845 804 3887 Excommunicationes
838 3849 954 3888 latae
985 3852 1225 3890 sententiae
1253 3853 1416 3892 nemini
1445 3855 1698 3894 reservatae
1727 3882 1738 3892 .
2373 3857 2427 3895 81
2492 3908 2494 3912 .

315 3921 634 3977 Suspensiones
666 3926 782 3967 latae
812 3930 1059 3969 sententiae
1086 3928 1264 3971 Summo
1295 3930 1501 3972 Pontifici
1529 3935 1785 3974 reservatae
1852 3963 1861 3972 .
1982 3962 1992 3972 .
2113 3963 2124 3973 .
2141 3940 2161 3965 *-
2243 3964 2254 3974 .
2373 3936 2428 3975 82
2493 3954 2496 3955 ⁷

2371 4013 2427 4054 83
