2540 4282
161 198 224 248 52
1063 201 1196 243 Bulla
1226 199 1584 243 Convocationis.

2525 309 2540 331 ’ἶ

164 351 433 404 deratores
470 347 782 419 praesertim
820 344 1066 406 catholici
1114 343 1351 412 quotidie
1403 344 1574 413 magis
1625 348 1902 397 noscentes
1955 346 2191 398 maxima
2243 345 2386 399 bona
2435 347 2494 400 in
2519 340 2540 373 4

164 438 453 490 humanam
477 432 782 487 societatem
820 449 888 484 ex
922 429 1184 482 catholica
1209 430 1449 483 Ecclesia
1474 429 1793 498 redundare,
1832 431 2491 501 ipsamquefirinissimum
2516 425 2540 500 3

163 539 278 576 esse
303 521 657 591 Imperiorum
686 518 1104 586 Regnorumque
1132 516 1551 584 fundamentum,
1589 534 1696 568 non
1733 516 1905 568 solum
1930 516 2147 567 minime
2179 517 2493 591 impediant,
2530 519 2540 600 j

165 609 445 680 quominus
496 602 847 658 Venerabiles
898 602 1115 654 Fratres
1169 600 1452 654 Sacrorum
1503 602 1786 655 Antistites
1845 602 2042 671 aliique
2094 601 2277 656 om'nes
2328 623 2491 676 supra
2512 671 2533 683 ι,

166 691 559 750 commemorati
596 689 664 743 ad
703 689 803 741 hoc
841 688 1124 742 concilium
1162 689 1395 756 veniant,
1433 685 1621 740 v'erum
1661 690 1821 742 etiam
1854 689 1982 759 ipsis
2007 688 2234 742 libenter
2259 690 2489 761 faveant,
2534 684 2540 764 J

164 796 425 850 opemque
462 778 651 844 ferant,
691 781 745 828 et
782 774 1183 842 studiosissime,
1220 774 1300 826 uti
1340 774 1493 842 decet
1531 775 1816 827 catholicos
1853 775 2160 845 PrincipeS,
2199 776 2265 828 iis
2302 794 2540 851 coope'»¹2

161 872 366 934 rentur,
420 881 556 934 quae
593 863 649 914 in
682 861 937 931 majorem
974 861 1077 914 Dei
1130 860 1357 931 gloriam
1420 861 1765 931 ejusdemque
1804 861 2025 914 Concilii
2062 862 2264 914 bonum
2301 863 2493 917 cedere
2536 871 2540 892 ³

161 956 372 1023 queant.
983 1020 986 1023 Ι
2522 940 2533 956 '⁴

301 1038 378 1090 Ut
413 1053 539 1107 vero
578 1034 808 1087 Nostrae
842 1034 945 1087 hae
981 1034 1234 1101 Litterae,
1274 1037 1326 1084 et
1365 1051 1500 1103 quae
1538 1034 1593 1085 in
1632 1033 1706 1085 eis
1746 1034 2099 1102 continentur,
2138 1034 2206 1087 ad
2243 1037 2490 1090 notitiam
2529 1040 2539 1052 ’

162 1125 421 1192 omnium,
469 1140 695 1194 quorum
749 1124 976 1190 oportet,
1023 1120 1361 1190 perveniant,
1413 1138 1549 1173 neve
1600 1120 1716 1190 quis
1773 1119 1987 1172 illorum
2025 1121 2358 1190 ignorantiae
2396 1110 2490 1194 ex·
2522 1143 2536 1170 s

158 1212 484 1266 cusationem
520 1208 859 1279 praetendat,
914 1223 1033 1257 cum
1079 1205 1394 1275 praesertim
1444 1206 1603 1257 etiam
1641 1223 1748 1258 non
1793 1206 1861 1258 ad
1901 1224 2082 1259 omnes
2121 1225 2236 1276 008,
2292 1209 2490 1279 quibus

156 1297 471 1351 nominatim
506 1296 629 1348 illae
668 1297 842 1347 essent
878 1292 1221 1359 intimandae,
1259 1295 1405 1343 tutus
1442 1291 1664 1343 forsitan
1702 1296 1885 1362 pateat
1922 1310 2186 1361 acceSSUS,
2239 1296 2490 1349 volumus
2536 1328 2537 1332 =

159 1388 219 1441 ett
247 1382 578 1449 mandamus,
614 1384 674 1432 ut
710 1380 766 1431 in
802 1378 1259 1431 Patriarchalibus
1296 1377 1539 1429 Basilicis
1576 1377 1941 1446 Lateranensi,
1979 1378 2269 1449 Vaticana,
2309 1387 2362 1435 et
2397 1383 2489 1436 Li·
2526 1397 2540 1405 ·“

156 1452 403 1537 beriana,
442 1485 562 1520 cum
597 1466 672 1518 ibi
709 1463 994 1517 multitudo
1032 1464 1218 1534 populi
1256 1462 1325 1516 ad
1363 1463 1686 1516 audiendam
1723 1481 1836 1516 rem
1885 1463 2122 1516 divinam
2171 1462 2488 1538 congregari

158 1556 314 1611 solita
365 1558 475 1622 est,
538 1553 715 1623 palam
773 1553 916 1604 clara
969 1567 1100 1603 voce
1155 1567 1251 1620 per
1303 1549 1495 1602 Curiae
1550 1550 1779 1603 Nostrae
1833 1567 2072 1603 cursores
2135 1556 2228 1604 aut
2278 1553 2487 1625 aliquos

87 1651 91 1654 ’
155 1642 397 1714 publicos
434 1639 670 1692 notarios
708 1638 985 1708 legantur,
1024 1637 1300 1707 lectaeque
1337 1637 1392 1687 in
1430 1636 1598 1689 valvis
1638 1636 1898 1689 dictarum
1937 1636 2298 1691 Ecclesiarum
2334 1636 2487 1694 item·
2532 1659 2540 1662 ’

156 1747 260 1800 que
298 1726 654 1780 Cancellariae
691 1724 1013 1795 apostolicae
1050 1723 1234 1794 portis,
1274 1727 1328 1775 et
1365 1723 1551 1792 Campi
1588 1723 1782 1776 Florae
1821 1723 1974 1776 solito
2014 1724 2147 1793 loco,
2187 1730 2240 1778 et
2275 1726 2331 1778 in
2367 1722 2487 1781 aliis
2531 1789 2533 1791 ,

156 1811 418 1867 consuetis
455 1812 585 1864 locis
622 1811 922 1880 affigantur,
960 1809 1054 1862 ubi
1091 1810 1160 1863 ad
1196 1810 1477 1863 lectionem
1517 1814 1570 1862 et
1605 1809 1850 1860 notitiam
1889 1814 2201 1863 cunctorum
2247 1808 2513 1883 aliquan-s

155 1899 246 1952 diu
299 1898 575 1968 expositae
626 1896 920 1966 pendeant,
977 1914 1203 1966 cumque
1255 1895 1379 1948 inde
1432 1895 1847 1963 amovebuntur,
1877 1891 2084 1949 'earum
2139 1899 2512 1954 nihilominus·

156 1986 401 2056 exempla
438 1984 493 2035 in
532 1983 731 2035 eisdem
768 1982 896 2034 locis
934 1987 1244 2035 remaneant
1282 1982 1457 2034 affixa.
1509 1983 1621 2034 Nos
1660 1983 1802 2034 enim
1840 2001 1935 2053 per
1973 1984 2277 2053 hujusmodi
2304 1986 2488 2039 lectio-

152 2090 301 2140 nem,
340 2070 754 2141 publicationem
792 2061 1229 2138 affixionemque,
1269 2086 1450 2121 omnes
1489 2073 1542 2121 et
1580 2086 1969 2139 quoscumque,
2009 2088 2142 2140 quos
2178 2072 2484 2141 praedictae
2522 2087 2540 2124 ,τ

151 2159 382 2212 Nostrae
406 2157 643 2209 Litterae
683 2154 1155 2225 comprehendunt,
1194 2160 1314 2224 post
1349 2156 1578 2225 spatium
1618 2155 1842 2207 duorum
1883 2157 2146 2208 mensium
2184 2175 2216 2209 a
2254 2159 2340 2211 die
2370 2159 2487 2212 Lit-
2525 2141 2540 2170 ι’

151 2247 388 2296 terarum
424 2239 798 2311 publicationis
837 2243 889 2292 et
927 2239 1191 2292 affixionis
1229 2241 1302 2293 ita
1339 2243 1585 2293 volumus
1625 2241 1887 2311 obligatos
1927 2259 2040 2295 esse
2079 2247 2132 2294 et
2184 2242 2483 2322 adstrictos,

152 2346 214 2381 ac
251 2328 295 2380 si
331 2327 571 2397 ipsismet
607 2324 732 2377 illae
769 2341 946 2376 coram
982 2324 1154 2377 lectae
1193 2330 1245 2377 et
1281 2326 1557 2379 intimatae
1597 2330 1800 2393 essent,
1852 2329 2227 2397 transsumptis
2265 2329 2482 2399 quidem

154 2431 353 2482 earum,
392 2430 529 2483 quae
567 2430 728 2464 manu
765 2411 966 2482 publici
1001 2412 1197 2464 notarii
1232 2413 1428 2483 scripta
1466 2417 1557 2465 aut
1583 2413 1898 2482 subscripta,
1938 2418 1990 2464 et
2022 2413 2194 2483 sigillo
2221 2416 2540 2484 personaef

151 2500 375 2569 alicujus
399 2499 803 2552 Ecclesiasticae
840 2499 896 2551 in
934 2498 1194 2567 dignitate
1234 2500 1550 2552 constitutae
1587 2499 1793 2551 munita
1828 2498 2041 2567 fuerint,
2079 2500 2303 2553 ut‘fides
2334 2489 2479 2555 certa

155 2590 207 2640 et
243 2585 543 2638 indubitata
581 2585 859 2652 habeatur,
896 2584 1211 2637 mandamus
1249 2603 1310 2638 ac
1350 2585 1700 2638 decernimus

295 2672 444 2724 Nulli
480 2688 608 2740 ergo
648 2671 860 2722 omnino
898 2671 1175 2723 hominum
1222 2671 1378 2724 liceat
1430 2671 1567 2726 hanc
1603 2673 1856 2743 paginam
1894 2672 2124 2724 Nostrae
2160 2671 2479 2743 indictionis,
2505 2695 2533 2721 η

153 2757 601 2825 annunciationis,
641 2757 1073 2824 convocationis,
1111 2759 1319 2824 statuti,
1370 2758 1592 2826 decreti,
1644 2757 1907 2826 mandati,
1957 2759 2255 2828 praecepti,
2294 2763 2347 2811 et
2385 2759 2478 2812 ob·
2525 2775 2529 2776 ⁷

152 2844 457 2898 secrationis
493 2844 808 2914 infringere,
846 2844 933 2896 vel
972 2845 1020 2896 ei
1059 2862 1190 2896 ausu
1228 2843 1510 2897 temerario
1551 2846 1830 2897 contraire.
1908 2843 1963 2896 Si
2003 2846 2119 2914 quis
2157 2850 2337 2897 autem
2373 2845 2478 2906 hoc
2536 2841 2540 2843 ’

152 2934 414 2983 attentare
440 2930 868 2999 praesumpserit,
905 2928 1325 2999 indignationem
1354 2931 1746 3000 Omnipotentis
1772 2930 1890 2999 Dei,
1923 2948 1984 2982 ac
2009 2932 2300 2984 Beatorum
2324 2931 2474 2984 Petri

149 3019 206 3067 *et
242 3015 401 3067 Pauli
439 3014 821 3082 Apostolorum
859 3016 971 3084 ejus
1012 3034 1067 3068 se
1104 3018 1312 3070 noverit
1349 3018 1702 3070 incursurum.

294 3102 494 3153 Datum
529 3101 734 3154 Romae
787 3101 930 3171 apud
979 3101 1229 3154 Sanctum
1279 3102 1502 3154 Petrum
1539 3103 1696 3155 Anno
1736 3102 2123 3156 Incarnationis
2159 3090 2511 3154 Dominicae¹

149 3188 428 3240 millesimo
471 3188 904 3257 octingentesimo
944 3188 1276 3257 sexagesimo
1317 3193 1519 3256 octav0,
1558 3189 1714 3241 tertio
1753 3187 2010 3242 kalendas
2039 3189 2215 3258 julias.

293 3273 640 3326 Pontificatus
679 3273 862 3326 Nostri
898 3291 1036 3327 anno
1074 3275 1510 3345 vigesimotertio.

545 3433 585 3508 †
629 3433 790 3516 EGO
836 3435 1018 3495 PIUS
1066 3457 1402 3496 CATHochE
1433 3457 1726 3497 Eccnnsnffl
1758 3456 2066 3496 EP1scoPUS.

1098 3590 1240 3644 Loco
1279 3590 1315 3657 †
1355 3590 1519 3660 Signi.

151 3788 190 3856 †
227 3788 343 3858 Ego
379 3789 578 3841 Marius
624 3788 800 3859 Episc.
850 3790 1106 3844 Ostiensis
1161 3794 1212 3843 et
1249 3789 1557 3855 Veliternus
1605 3790 1759 3843 Oard.
1808 3789 2056 3842 Decanus
2102 3787 2289 3840 Mattei
2335 3787 2470 3840 Pro·
2519 3773 2526 3781 ²

295 3873 345 3925 D
467 3874 478 3884 ‘
550 3915 562 3926 .

150 3959 188 4026 †
225 3878 754 4029 Εςοᾶἓέἑὲῗειῑιῒίηω
792 3961 967 4030 Episc.
1004 3961 1257 4014 Portuen.
1297 3966 1350 4013 et
1387 3961 1437 4014 S.
1475 3962 1701 4015 Rufinae
1739 3959 1894 4013 Card.
1931 3957 2144 4010 Patrizi.
2506 3988 2507 3991 =

149 4044 189 4111 †
225 4044 342 4114 Ego
380 4044 630 4114 Aloysius
667 4045 841 4115 Episc.
879 4046 1256 4100 Praenestinus
1292 4047 1447 4100 Card.
1476 4047 1638 4100 Amat
1670 4047 1720 4100 S.
1746 4045 1808 4099 R.
1836 4044 1897 4097 E.
1932 4041 2462 4099 Vice-CancellariuS.
2520 4101 2527 4125 Ι,
