2540 4282
330 103 548 144 Monitum
578 102 1041 144 Eminentissimorum
1071 102 1334 144 Praesidum
1365 101 1773 156 Congregationum
1805 103 2097 156 generalium.
2293 94 2384 146 163

942 389 1473 460 MONITUM

18 556 37 605 ss
54 501 783 615 1¹‘EM1NENTISSIMORUM
819 546 1206 606 PRAESIDUM
1244 547 1846 609 GONGREGATIONUM
1894 547 2329 608 GENERALIUM

359 685 849 739 PUBLIOATUM
887 659 967 738 IN
1006 684 1645 739 CONGREGATIONE
1686 686 2069 740 GENERALI

863 828 968 868 DIE
1002 827 1069 866 14.
1100 825 1399 866 JANUARII
1431 826 1558 866 1870.

185 999 550 1053 Plurimorum
588 1000 815 1053 Patrum
853 999 1116 1052 desiderio
1153 1017 1261 1052 non
1299 1001 1466 1052 semel
1503 990 1658 1053 nobis
1711 1017 1964 1070 expresso
2005 1000 2381 1070 adhaerenteS,

10 1087 320 1140 *monemus
358 1091 410 1139 et
448 1088 606 1140 enixe
644 1105 894 1157 rogamus
934 1105 1023 1140 eos
1063 1104 1270 1155 omneS,
1319 1087 1411 1157 qui
1447 1087 1596 1157 loqui
1633 1087 1816 1140 volent
1853 1087 1909 1138 in
1948 1087 2381 1158 Congregatione

7 1158 12 1205 f
44 1174 311 1244 generali,
349 1179 436 1243 ut,
477 1179 736 1244 quantum
774 1174 890 1227 fieri
926 1177 1129 1243 potest,
1179 1174 1415 1226 maxima
1453 1172 1720 1226 brevitate
1757 1177 1979 1226 utantur
2016 1174 2071 1225 in
2111 1174 2220 1226 suis
2259 1192 2384 1245 pro-

39 1243 304 1330 ponendis
344 1265 396 1313 et
433 1260 764 1330 explicandis
802 1260 1381 1328 animadversionibUS,
1421 1258 1714 1312 omittendo
1757 1277 1842 1327 ea,
1883 1277 2020 1329 quae
2058 1261 2275 1330 proprie
2313 1260 2383 1313 ad

0 1386 4 1389 >
43 1361 158 1397 rem
193 1363 301 1398 non
339 1346 621 1415 pertinent,
659 1364 833 1418 neque
873 1364 943 1399 ex
979 1347 1188 1416 integro
1227 1346 1538 1416 repetend0‚
1577 1363 1714 1417 quae
1752 1345 1978 1399 fortasse
2017 1345 2084 1398 ab
2125 1346 2244 1399 aliis
2281 1346 2384 1400 Pa-

44 1431 215 1498 tribus
245 1433 359 1502 jam
393 1433 649 1486 adnotata
685 1419 900 1487 fuerint.

187 1548 232 1601 E
271 1548 571 1602 Secretaria
608 1548 832 1602 Concilii
869 1549 1137 1616 Vaticani,
1177 1549 1262 1601 die
1305 1551 1386 1602 14.
1425 1549 1674 1630 Januarii
1717 1551 1873 1603 1870.

1673 1685 1964 1752 Josephus,

1396 1770 1496 1841 Ep.
1536 1770 1588 1824 S.
1627 1770 1937 1841 Hippolyti,
1978 1769 2240 1823 Secretar.

898 2138 962 2206 D
980 2138 1039 2206 E
1058 2138 1111 2208 C
1128 2138 1261 2208 RE
1280 2139 1338 2207 Τ
1355 2138 1422 2208 U
1440 2137 1514 2207 M

43 2294 277 2361 NoVAM
312 2301 357 2361 N
361 2300 597 2361 ORMAM
634 2299 756 2359 PRO
798 2299 1453 2360 GONGREGATIONIBUS
1503 2261 1966 2360 GnNERALIBUS
2017 2297 2381 2358 STATUENS.

184 2494 508 2564 Apostolicis
545 2493 787 2560 Litteris,
828 2493 915 2546 die
953 2496 1037 2546 27.
1076 2492 1400 2546 Novembris
1437 2510 1577 2546 anno
1616 2471 1864 2562 proxime
1903 2491 2168 2561 superiori
2208 2490 2383 2560 editis,

40 2598 270 2652 quarum
306 2580 517 2632 initium
560 2581 909 2648 „Multiplices
946 2579 1142 2647 inter“,
1191 2580 1441 2633 Summus
1478 2577 1736 2632 Pontifex
1764 2577 2025 2649 *ordinem
2074 2578 2382 2648 generalem

41 2667 315 2721 constituit
350 2667 406 2719 in
442 2665 691 2719 Vaticani
730 2666 954 2719 Concilii
1007 2666 1364 2720 celebratione
1415 2666 1769 2738 servandum,
1821 2666 1878 2718 in
1914 2666 2117 2736 iisque,
2168 2669 2383 2736 praeter

40 2755 162 2822 alia,
202 2758 372 2806 certas
410 2753 668 2822 quasdam
706 2754 920 2823 regulas
958 2754 1204 2823 tradidit,
1255 2754 1449 2825 quibus
1487 2755 1685 2808 rationi
1724 2753 2170 2824 disceptationum
2209 2771 2241 2805 a
2277 2753 2383 2806 Pa-

41 2839 214 2892 tribus
251 2838 621 2892 habendarum
659 2840 1043 2893 consuleretur.

35 2980 38 2983 A
189 2925 314 2979 Jam
361 2942 489 2977 vero
537 2926 650 2995 ipse
700 2925 1076 2979 Sanctissimus
1112 2927 1377 2980 Dominus
1429 2927 1766 2997 propositum
1814 2925 1915 2978 sibi
1965 2926 2126 2979 finem
2172 2924 2381 2978 facilius
2444 2991 2450 2995 ¹

41 3012 255 3082 assequi
294 3012 528 3081 cupienS,
566 3029 664 3064 nec
701 3030 809 3064 non
845 3014 1108 3066 rationem
1145 3014 1348 3067 habens
1387 3013 1902 3083 expostulationum,
1953 3030 2090 3082 quae
2127 3030 2159 3063 a
2195 3011 2382 3081 plerise

41 3116 146 3169 que
184 3099 406 3152 Concilii
441 3098 696 3150 Patribus
733 3098 879 3151 haud
918 3100 1084 3153 semel
1122 3100 1397 3153 exhibitae
1436 3104 1560 3153 sunt
1605 3117 1675 3152 ex
1714 3117 1805 3166 e0,
1857 3097 2001 3169 quod
2040 3097 2382 3167 disceptatio-

41 3200 172 3238 num
210 3183 571 3237 conciliarium
626 3183 788 3236 series
823 3185 882 3236 *in
920 3187 1143 3255 longum
1178 3187 1299 3256 plus
1346 3188 1519 3256 aequo
1558 3185 1927 3255 protrahatur;
1979 3200 2049 3235 ex
2086 3183 2379 3253 apostolica

41 3289 139 3324 sua
176 3270 530 3324 sollicitudine
583 3270 841 3340 quasdam
886 3273 1183 3340 peculiares
1219 3289 1316 3342 pro
1356 3272 1846 3342 Congregationum
1901 3270 2236 3340 generalium
2274 3268 2379 3322 dis-

40 3357 372 3411 cussionibus
427 3357 639 3410 tradere
677 3374 889 3409 normas
938 3359 1236 3426 constituit,
1282 3375 1418 3428 quae
1467 3358 1845 3428 praestitutum
1892 3355 2200 3427 generalem
2238 3354 2379 3409 ordi-

42 3442 167 3495 riem
218 3443 542 3511 evolvendO,
592 3449 753 3513 atque
804 3445 1071 3514 integram
1123 3445 1383 3499 servando
1443 3463 1561 3499 eam
1617 3445 2006 3498 discussionum
2055 3443 2379 3511 libertatem,

44 3546 182 3599 quae
220 3529 525 3583 Catholicae
560 3530 834 3582 Ecclesiae
865 3530 1158 3601 Episcopos
1198 3531 1400 3599 deceat,
1437 3532 1665 3602 pleniori
1705 3530 2132 3601 expeditiorique
2170 3530 2378 3583 ratione

30 3615 112 3689 ad
159 3633 340 3669 rerum
391 3616 791 3668 tractandarum
840 3610 1092 3686 examen,
1145 3617 1585 3689 disceptationem
1645 3621 1698 3670 et
1750 3617 2193 3670 deliberationem
2255 3633 2378 3669 con-

49 3702 263 3755 ferrent.

186 3787 548 3849 Quamobrem
595 3788 966 3841 Cardinalibus
1004 3789 1510 3861 Congregationum
1539 3790 1870 3860 generalium
1916 3789 2264 3843 Praesidibus
2321 3788 2377 3840 in

43 3874 322 3927 consilium
359 3874 639 3943 adhibitis,
691 3881 743 3928 et
783 3875 1025 3945 quaesita
1061 3878 1222 3929 etiam
1261 3876 1524 3930 sententia
1558 3877 1785 3930 Patrum
1822 3876 2105 3948 peculiaris
2144 3876 2379 3944 Congre-

44 3960 271 4030 gationis
323 3960 639 4030 recipiendis
701 3961 1174 4032 expendendisque
1235 3963 1624 4034 Episcoporum
1684 3962 2159 4033 propositionibus,
2231 3961 2389 4033 idemv

1681 4047 1687 4050 Δ
1862 4048 1954 4092 11*
