2540 4282
0 119 17 138 3
28 114 69 154 ,ΞΑ
80 98 91 131 ”,
100 102 105 110 '

0 235 12 266 ,-
36 248 57 263 1,
84 246 87 251 -
115 234 123 258 c

0 284 135 355 ibas.
200 297 372 360 Nuper
403 297 603 357 scilicet,
652 295 843 343 violenti
882 294 1041 341 instar
1085 292 1320 353 turbinis,
1368 291 1645 352 opinionum
1687 288 1816 336 venti
1860 291 2032 334 mentes
2081 283 2365 348 ayitabant5

0 378 233 438 §Sanctae
266 370 402 425 Sedis
433 375 760 438 infallibilitas
793 375 845 420 in
877 373 1066 435 siynum
1100 370 1493 418 contradictionis
1518 369 1683 430 posita
1728 372 1856 428 erat;
1903 371 1945 413 et
1992 365 2064 411 ita
2110 364 2224 411 haec
2264 363 2367 424 eJ‘us

0 448 368 529 {spraeroyativa
402 473 434 503 a
457 455 688 516 plurimis
721 452 1108 515 oppugnabatur,
1155 455 1208 496 ut
1241 464 1403 496 eorum
1434 448 1727 510 aryumentis
1758 448 1860 508 ipse
1893 444 2030 493 Petri
2061 449 2102 490 et
2134 456 2312 490 success
2296 455 2366 488 o-

0 550 136 615 rum
169 537 268 597 ejus
295 535 552 596 primatus,
575 539 723 594 petra
754 532 983 578 nimirum
1016 529 1253 576 Ecclesiae
1273 527 1680 589 fundamentalis,
1715 527 2032 587 impeteretur.

42 608 43 611 ¹
157 614 292 662 Inter
322 615 435 662 haec
456 614 690 661 Ecclesiae
717 612 868 658 hostes
902 610 1204 665 exultabant;
1240 608 1412 656 debiles
1443 608 1496 654 in
1516 607 1636 668 fide,
1670 607 1963 667 scriptorum
1992 604 2087 651 sive
2120 606 2238 663 arte,
2273 600 2368 646 sive

554 150 822 193 Constitutio
855 149 1111 202 dogmatica
1141 149 1287 202 prima
1316 145 1371 187 de
1399 145 1606 187 Ecclesia
1637 145 1820 188 Christi.
2269 133 2356 186 181

0 666 314 746 &actoritate
343 693 585 749 commoti,
636 690 772 738 dubii
801 689 1088 749 haerebant,
1128 688 1210 748 pii
1235 701 1344 734 vero
1366 686 1537 746 fideles
1568 700 1724 733 omnes
1756 684 1891 732 haud
1924 683 2014 732 levi
2050 678 2369 729 sollicitudine

0 770 76 846 Ξα
102 787 317 820 moerore
347 771 699 832 premebantur.

1 866 31 884 -.
70 894 72 898 ,
161 849 295 898 Malo
330 851 529 910 demum,
562 850 705 896 nimis
739 848 880 895 eheu!
920 846 1286 908 inqravescenti,
1322 844 1499 906 efficax
1531 844 1790 891 remedium
1824 841 2054 901 attulisti,
2088 838 2367 887 Beatissime

2 927 201 993 ;,Ραιεφ·,
238 930 351 976 dum
388 929 622 977 decretum
655 928 779 975 illud
815 926 1026 974 Concilio
1051 925 1271 986 proponi
1290 924 1582 985 permisisti,
1629 938 1719 985 quo
1753 922 1851 969 solo
1888 927 2026 969 tanta
2049 919 2266 982 procella
2298 932 2369 965 se-

3 999 149 1069 {kdari
169 1015 342 1070 potest.
407 1007 518 1067 Hac
552 1009 673 1055 enim
721 1008 824 1055 sola
858 1006 1190 1068 propositione
1236 1005 1400 1052 moesti
1445 1004 1698 1064 eriyuntur
1748 1002 1926 1062 animi,
1975 1002 2370 1061 impuqnatorum

32 1086 237 1155 Sanctae
270 1087 407 1135 Sedis
442 1088 652 1134 audacia
674 1086 953 1148 franyitur,
987 1091 1030 1132 et
1062 1084 1344 1132 concordiae
1378 1089 1477 1130 tam
1507 1082 1806 1129 desideratae
1837 1094 1946 1140 spes
1978 1083 2108 1125 certa
2136 1075 2371 1123 oboritur.

33 1166 142 1217 Hoc
173 1168 324 1230 iqitur
353 1166 506 1214 Tuum
538 1166 742 1227 verbum,
777 1165 1057 1213 Beatissime
1089 1162 1251 1224 Pater,
1286 1164 1340 1211 id
1372 1164 1425 1210 in
1451 1162 1721 1224 procellosa
1754 1159 1843 1207 hac
1875 1164 2046 1206 nostra
2081 1162 2234 1204 aetate
2267 1153 2373 1216 effi-

10 1248 142 1323 ciet,
193 1247 320 1309 quod
353 1247 464 1294 olim
496 1248 549 1292 in
578 1247 708 1293 mari
727 1245 924 1307 factum
958 1251 1046 1306 est,
1097 1245 1289 1307 quando
1328 1243 1490 1304 navis,
1540 1242 1802 1290 dormiente
1837 1238 2054 1298 Christo,
2106 1239 2373 1295 tempestate

26 1326 385 1390 quassabatur5
432 1324 545 1387 Ipso
576 1341 684 1373 vero
718 1331 940 1387 suiqente
973 1331 1014 1372 et
1046 1325 1195 1371 ventis
1227 1324 1515 1384 imperante,
1547 1336 1727 1385 mayna
1761 1318 2092 1381 tranquillitas
2109 1315 2260 1376 facta
2293 1318 2373 1360 est.

15 1460 19 1470 Ι
162 1403 227 1452 Id
259 1411 312 1452 ut
346 1420 489 1466 quam
522 1405 740 1452 citissime
769 1406 1089 1466 experiamur,
1131 1403 1236 1450 Tua
1266 1401 1510 1450 Sanctitas
1534 1401 1761 1463 precibus
1795 1412 1958 1446 coram
1990 1394 2078 1457 Eo,
2116 1394 2251 1455 cujus
2291 1389 2374 1438 Vi-

29 1485 198 1534 carius
232 1499 291 1542 es,
314 1483 453 1544 fusis
486 1483 786 1544 impetrabit;
819 1498 906 1530 nos
937 1497 1045 1530 vero
1081 1498 1185 1529 cum
1214 1481 1330 1530 Tuis
1363 1487 1556 1533 nostras
1579 1495 1748 1542 preces
1759 1479 2032 1540 junqemus,
2065 1479 2135 1534 ut,
2170 1484 2375 1542 quorum

33 1564 291 1612 communis
322 1568 387 1610 est
421 1577 582 1624 causa,
618 1564 876 1610 communis
904 1563 966 1610 sit
1000 1549 1207 1623 laetitia,
1243 1568 1287 1609 et
1318 1568 1395 1622 ut,
1433 1561 1548 1608 Tuis
1578 1556 1934 1621 praeroqativis
1966 1555 2019 1601 in
2052 1557 2152 1600 tuto
2178 1550 2372 1612 positis,

32 1649 249 1691 nostram
284 1657 465 1704 quoque
496 1643 549 1688 in
573 1641 782 1702 populos
817 1642 1149 1688 auctoritatem
1184 1640 1518 1702 confirmatam
1552 1655 1647 1687 esse
1678 1637 1993 1701 qaudeamus.

164 1722 367 1784 Romae,
401 1724 452 1769 in
474 1722 606 1783 festo
641 1721 691 1769 S.
726 1720 861 1769 Petri
891 1719 1147 1782 Martyris,
1182 1721 1323 1767 1870.

155 2206 162 2213 „
241 2073 975 2164 CONSTITUTIO
1053 2069 1735 2159 DOGMATIOA
1808 2071 2176 2157 PRIMA

1155 2235 1257 2288 DE

699 2368 1224 2464 EOGLESIA
1288 2365 1721 2462 CHRISTI

850 2550 995 2582 EDITA
1027 2550 1077 2582 IN
1112 2549 1331 2582 SESSIONE
1368 2548 1561 2587 QUARTA

308 2658 814 2714 SAGROSANOTI
853 2655 1315 2712 OEOUMENIOI
1355 2653 1686 2708 CONCILII
1722 2650 2108 2707 VATIOANI.

820 2948 1032 3018 PIUS
1095 2947 1592 3018 EPISCOPUS

663 3051 998 3141 snnvus
1058 3086 1542 3143 SERVORUM
1600 3086 1756 3158 DEI

34 3232 42 3290 J
113 3218 328 3270 SAORO
364 3217 813 3266 APPROBANTE
850 3217 1169 3267 OONCILIO
1204 3218 1296 3265 AD
1333 3217 1748 3266 PERPETUAM
1780 3217 1896 3264 REI
1927 3214 2310 3264 MEMORIAM.

190 3493 382 3545 Pastor
419 3496 665 3545 aeternus
705 3496 757 3544 et
798 3492 1077 3561 episcopus
1114 3490 1413 3543 animarum
1450 3493 1778 3556 nostrarum,
1830 3492 1891 3540 ut
1927 3487 2262 3540 salutiferum
2298 3505 2380 3541 re·
2440 3504 2441 3509 ¹

15 3580 366 3650 'demptionis
403 3597 535 3649 opus
572 3595 805 3648 perenne
857 3576 1130 3644 redderet,
1181 3580 1415 3629 sanctam
1464 3575 1745 3628 aedificare
1782 3573 2078 3628 Ecclesiam
2127 3574 2414 3642 decrevit,-

40 3666 103 3720 in
141 3683 247 3736 qua
282 3665 450 3717 veluti
486 3666 542 3716 in
579 3665 753 3717 Domo
784 3664 889 3716 Dei
936 3663 1165 3716 viventis
1201 3662 1385 3715 fideles
1428 3678 1611 3713 omnes
1649 3662 1806 3713 unius
1855 3661 1981 3715 fidei
2019 3666 2072 3714 et
2108 3660 2380 3714 charitatis

10 3772 21 3825 s
42 3740 257 3804 ¹vinculo
295 3750 707 3805 continerentur.
766 3749 1119 3818 Quapropter,
1156 3748 1466 3818 priusquam
1492 3747 1885 3816 clarificaretur,
1922 3747 2134 3817 rogavit
2159 3747 2381 3799 Patrem

12 3847 155 3890 -non
191 3850 287 3907 pro
322 3834 592 3906 Apostolis
629 3840 866 3903 tantum,
905 3834 998 3886 sed
1038 3839 1091 3887 et
1126 3851 1224 3904 pro
1264 3835 1363 3902 eis,
1413 3833 1796 3903 qui.credituri
1834 3838 1987 3886 erant
2023 3851 2119 3904 per
2153 3832 2381 3887 verbum

12 3917 15 3919 ’
49 3939 233 3976 eorum
278 3923 335 3974 in
381 3922 579 3991 ipsum,
628 3926 687 3973 ut
727 3939 908 3974 omnes
945 3938 1112 3973 unum
1151 3925 1355 3988 essent,
1393 3920 1528 3973 sicut
1565 3919 1679 3989 ipse
1715 3920 1884 3973 Filius
1923 3924 1976 3972 et
2012 3919 2176 3972 Pater
2211 3934 2382 3970 unum

49 4011 183 4062 sunt.
245 4007 707 4069 Quemadmodum
742 4008 907 4077 igitur
944 4005 1247 4076 Apostolos,
1282 4023 1414 4076 quos
1453 4004 1660 4073 sibivde
1697 3999 1897 4058 mundo
1932 4005 2185 4074 elegerat,
2220 4002 2383 4071 misit,
