2540 4282
379 95 618 138 Methodus
649 94 879 137 servanda
907 98 954 141 in
985 98 1127 150 prima
1158 97 1354 136 sessione
1383 98 1501 141 sacri
1532 93 1720 136 Concilii
1750 97 2033 135 oecumenici.
2219 137 2228 143 ,
2289 87 2377 135 111

14 294 18 297 ,
190 243 236 293 9.
271 240 549 293 Summus
569 239 822 291 Pontifex
875 237 1134 307 capellam
1195 253 1357 307 supra
1410 222 1674 307 porticum
1727 235 1979 289 basilicae
2030 235 2380 305 ingredietur,
2418 258 2419 261 ¹

13 316 102 390 {not
135 324 459 394 transeundo
500 324 781 377 benedicet
815 323 1089 392 Patribus.

10 402 21 473 J
190 412 271 485 107
325 410 469 463 Ante
518 409 876 463 faldistorium
929 406 1163 461 mitram
1194 388 1454 477 deponet,
1511 426 1688 478 genua
1746 409 1926 461 flectet
1981 412 2035 460 et
2085 424 2375 478 parumper

9 517 31 549 w
50 497 235 555 orabit.
311 497 467 564 Tum,
505 495 682 549 adhuc
708 497 1043 566 genuflexus,
1082 512 1152 546 ex
1190 493 1326 546 libro
1361 512 1394 547 a
1424 490 1695 548 Cardinali
1732 494 2058 565 Presbytero
2098 493 2380 546 assistente
2441 484 2446 489 ⁶

25 583 148 642 mibi
186 583 381 649 oblat0,
419 583 692 652 praecinet
730 581 990 651 hymnum
1040 582 1162 635 Veni.
1196 586 1414 634 creator·
1445 581 1695 650 Spiritus,
1750 598 1909 652 quem
1947 581 2205 634 Cantor-es
2258 596 2380 649 pro-³
2418 638 2421 642 ,

24 671 348 740 ἰωςιιθιιΐιιι,
387 667 633 721 omnibus
670 667 883 721 interim
921 668 1098 737 genua
1135 665 1487 718 flectentibus.

190 757 270 808 11.
322 755 454 808 Post
506 754 740 824 primum
791 771 1005 806 versum
1059 770 1243 806 omnes
1281 757 1529 823 surgent,
1584 758 1636 806 et
1675 753 1925 806 Summus
1962 753 2245 822 Pontifex,
2297 769 2379 806 re-

0 820 54 871 ⁸
0 847 256 928 :sumpta
293 842 467 909 mitra,
507 839 715 899 sedebit
752 841 809 892 in
846 840 973 893 sede
1010 840 1317 910 gestatoria.

192 930 272 982 12.
313 927 677 1006 Ordinabitur
701 928 998 998 processio,

189 985 481 1068 Camerarii
518 1018 670 1066 extra
708 1032 854 1067 num.
895 1012 1019 1066 duo.

187 1100 464 1171 Capellani
504 1100 694 1153 secreti
733 1100 799 1153 de
837 1116 1059 1152 numero
1099 1098 1533 1172 participantium
1571 1116 1715 1150 num.
1756 1097 1878 1150 duo.

0 1152 32 1262 fv·
188 1186 456 1241 Advocati
496 1187 902 1255 consistoriales,
939 1187 1285 1239 Promotores
1322 1184 1564 1252 Concilii,
1601 1202 1745 1236 num.
1786 1183 1909 1236 duc.

189 1272 517 1327 Cubicularii
554 1272 770 1325 honoris
810 1273 1152 1344 ecclesiastici
1189 1292 1239 1325 n.
1281 1271 1403 1324 duo.

189 1358 515 1413 Cubicularii
554 1359 743 1411 secreti
781 1360 1125 1413 ecclesiastici
1162 1378 1214 1412 n.
1253 1359 1377 1411 duc.

39 1468 54 1494 ἐ
87 1458 93 1464 ’
130 1513 133 1516 ¹
189 1447 447 1500 Cantores
486 1464 686 1500 omnes,
974 1457 978 1461 '
1908 1514 1911 1517 .

114 1536 116 1538 ’
187 1531 610 1586 Abbreviatores
649 1532 715 1589 de
753 1544 912 1603 p'arco
950 1523 1156 1601 majori,
1195 1524 1529 1585 Scrutatores
1566 1529 1962 1601 suffragiorum,
1998 1548 2144 1583 num.
2183 1528 2307 1582 duo.
2343 1573 2349 1579 .

187 1619 452 1673 Votantes
489 1619 796 1689 signaturae
834 1635 1017 1670 omnes
1033 1659 1046 1686 ,
1098 1618 1237 1671 inter
1288 1636 1422 1688 quos
1471 1617 1578 1670 duo
1617 1618 1952 1671 Scrutatores
1988 1617 2380 1687 suffragiorum.

190 1706 382 1759 Clerici
417 1704 676 1759 Gamerae
712 1703 1072 1775 Apostolicae,
1111 1705 1445 1758 Scrutatores
1469 1704 1878 1774 suffragiorum,
1917 1722 2060 1757 num.
2099 1703 2223 1757 duo.

189 1788 481 1846 Auditores
517 1791 706 1860 Rotae,
745 1791 1080 1844 Scrutatores
1118 1791 1510 1862 suffragiorum,
1548 1809 1692 1844 num.
1732 1790 1854 1844 duo,

135 1893 138 1896 ⁴
188 1878 448 1949 Magister
483 1865 629 1932 sacri·
656 1878 909 1949 Hospitii.

191 1965 510 2036 Capellanus
547 1957 668 2018 cum
705 1982 871 2035 regno
910 1965 1088 2017 usuali
1125 1962 1332 2016 Summi
1369 1963 1662 2016 Pontificis,
1702 2001 1707 2006 -

154 2123 156 2125 Υ
190 2051 509 2121 Capellanus
546 2052 780 2104 secretus
818 2068 940 2103 cum
976 2052 1135 2103 mitra
1173 2050 1401 2121 simplici
1435 2050 1611 2102 usuali
1650 2047 1857 2102 Summi
1893 2049 2185 2102 Pontificis.

193 2137 591 2191 Thuriferarius
630 2139 936 2207 signaturae
972 2140 1164 2191 votans
1203 2155 1325 2191 cum
1361 2136 1652 2190 thuribulo.

192 2223 562 2277 Subdiaconus
600 2223 943 2293 Apostolicus
980 2225 1142 2277 sacris
1182 2223 1420 2278 vestibus
1462 2223 1684 2275 indutus
1733 2211 1977 2276 deferens
2014 2221 2242 2276 Crucem
2281 2223 2383 2276 Pa-

46 2311 224 2383 palem
261 2311 400 2363 inter
436 2310 570 2362 duos
607 2310 883 2380 acolythos
921 2311 1227 2380 signaturae
1263 2314 1509 2363 votantes
1549 2328 1668 2363 cum
1716 2302 2064 2365 candelabris.

191 2396 435 2449 Abbates
473 2397 749 2466 generales
787 2397 989 2466 parati.

191 2480 435 2533 Abbates
472 2481 670 2533 nullius
709 2481 965 2535 dioecesis
1002 2484 1192 2554 parati⁴

164 2568 602 2708 ’ἷξῖῗζῖἕίἰεῧο.
589 2655 606 2706 i
692 2683 696 2685 λ
831 2619 834 2623 ’
1128 2684 1131 2686 .
1159 2620 1161 2622 ’
1271 2632 1430 2683 parati,
1458 2630 1592 2683 juxta
1624 2626 1821 2670 ordinem
1857 2641 1964 2670 suae
1995 2633 2283 2684 promotionis
2308 2633 2382 2672 in-

188 2672 456 2796 'Primatgs
549 2672 585 2725 p
1255 2764 1258 2767 ⁴
1330 2702 1549 2744 cedentes

195 2829 542 2903 Patriarchae
572 2831 761 2900 parati.

495 2927 499 2931 ’
1226 2968 1229 2971 .
1292 2917 1540 2970 Diaconi.
1628 2964 1632 2967 .

193 3001 503 3054 Cardinales
545 3052 549 3057 ,
1294 3004 1619 3074 Presbyteri.

1296 3077 1566 3161 Episcopi.

31 3231 35 3235 ,
192 3173 646 3228 Reverendissimi
669 3173 937 3248 Episcopi,
976 3176 1399 3246 Archiepiscopi,
1437 3176 1704 3228 Primates
1743 3182 1796 3229 et
1828 3176 2176 3229 Patriarchae
2213 3195 2382 3231 unum

55 3260 386 3315 sacerdotem
441 3278 535 3314 seu
586 3261 919 3331 capellanum
970 3266 1118 3315 veste
1166 3262 1325 3314 talari
1360 3261 1633 3329 indutum,
1686 3263 1923 3333 itemque
1960 3261 2381 3333 Eminentissimi

14 3345 360 3414 sssTOardinales
398 3365 564 3400 unum
603 3347 948 3415 sacerdotem,
986 3352 1046 3400 ac
1084 3348 1331 3417 insuper
1327 3348 1712 3401 caudatarium
1749 3348 1805 3400 in
1838 3349 2177 3418 processione
2218 3350 2381 3408 habe-

50 3431 222 3485 bunt.
274 3432 736 3487 Eminentissimus
775 3423 1072 3486 Cardinalis
1108 3434 1265 3486 Prior
1302 3434 1751 3504 Presbyterorum
1787 3434 2029 3506 pluviali
2045 3434 2264 3501 indutus
2302 3438 2380 3490 in-

14 3517 206 3579 ‘scedet
241 3518 297 3570 in
334 3521 671 3588 processione
707 3519 896 3571 ultimo
943 3519 1058 3571 loco
1111 3519 1249 3572 inter
1297 3518 1608 3574 Cardinales
1656 3519 2015 3615 presbyteros.
2084 3521 2270 3627 Prope
2298 3525 2379 3593 ja-

23 3619 214 3661 „uuam
253 3605 487 3673 capellae
527 3606 754 3675 quisque
788 3605 1003 3657 mitram
1040 3603 1141 3656 sibi
1178 3605 1431 3675 imponet

29 3679 33 3683 ⁴
196 3688 422 3742 Senator
477 3696 530 3744 et
586 3695 986 3744 conservatores
1030 3689 1180 3742 urbis
1235 3696 1288 3743 et
1339 3692 1430 3744 alii
1483 3692 1644 3745 duces
1696 3693 1763 3747 de
1814 3694 2056 3773 custodia
2102 3684 2379 3749 Pontificis

15 3776 365 3846 nuncupati.
1480 3829 1511 3854 ·

193 3861 652 3915 Vicecamerarius
722 3880 890 3932 cappa
961 3862 1178 3915 indutus
1247 3881 1279 3915 a
1352 3863 1554 3916 dextris
1615 3864 1918 3934 Principis
1952 3867 2070 3919 solii
2145 3869 2378 3947 custodis

54 3945 290 4000 Concilii.
