2540 4282
1058 66 1063 88 1

132 157 163 207 8
302 138 318 148 ’
747 157 953 211 Epistola
983 155 1224 217 Encyoliea
1246 147 1336 196 ‘ss
1371 155 1425 195 D.
1458 156 1513 196 N.
1546 157 1615 198 Pii
1647 157 1737 198 PP.
1771 157 1857 197 IX.
1884 171 1890 178 ·

2520 183 2528 197 -
2511 111 2535 171 —-.»2
2502 0 2537 92 :aaa

132 307 266 368 tres,
319 301 411 370 qui
451 300 804 370 episcopalem
842 302 1074 349 vestram
1112 314 1300 349 vocem
1339 301 1521 351 contra
1559 301 1765 349 tantam
1799 297 2130 368 impietatem
2171 300 2314 352 omni
2349 288 2489 355 zelo*
2526 358 2530 362 ,

132 388 375 440 attollere
413 387 629 439 minime
670 370 933 449 omisistis.

273 474 463 542 Itaque
500 473 646 525 hisce
683 456 890 523 Nostris
926 471 1146 524 Litteris
1184 472 1298 525 Vos
1336 472 1533 524 iterum
1571 471 1934 523 amantissime
1972 471 2319 542 alloquimur,
2370 474 2462 544 qui

115 562 185 628 ‚in
223 559 593 628 sollicitudinis
619 559 845 611 Nostrae
882 562 1091 627 partem
1128 558 1306 611 vocati
1344 572 1549 608 summo
1574 554 1745 607 Nobis
1783 556 1922 607 inter
1953 557 2214 611 maximas
2238 558 2462 612 Nostras

130 646 446 700 acerbitates
484 644 700 710 solatio,
754 643 989 711 laetitiae
1028 649 1081 695 et
1131 642 1481 695 consolationi
1539 643 1665 695 estis
1719 649 1938 713 propter
1992 646 2296 714 egregiam,
2352 648 2461 718 qua

49 717 56 724 ⁶
134 732 426 803 praestatiS,
465 731 792 800 religionem,
831 730 1102 799 pietatem,
1139 747 1201 781 ac
1239 733 1459 798 propter
1497 729 1692 781 mirum
1729 730 1882 782 illum
1918 748 2171 800 amorem,
2209 731 2370 785 fidem
2407 737 2463 786 et
2516 777 2518 780 ,

131 817 555 882 observantiam,
609 832 714 883 qua
751 812 922 866 Nobis
976 818 1034 866 et>
1081 813 1205 865 huic
1244 813 1591 882 Apostolicae
1630 813 1780 868 Sedi·
1808 817 2233 870 concordissimis
2270 818 2462 872 animis

114 903 368 957 'obstricti
420 900 793 970 gravissimum
848 900 1148 970 episcopale
1201 905 1440 953 vestrum
1488 901 1843 954 ministerium
1895 894 2119 956 strenue
2162 921 2224 957 ac
2274 903 2460 958 sedulo

128 990 347 1059 implere
387 976 718 1040 contenditis.
793 988 1006 1041 Etenim
1045 986 1113 1039 ab
1155 980 1351 1039 eximio
1390 991 1569 1040 vestro
1623 989 1879 1057 pastorali
1916 991 2028 1042 zelo
2068 988 2476 1060 exspectamus,x
2520 1031 2530 1034 -

128 1081 187 1128 ut
224 1079 552 1128 assumentes
590 1074 828 1144 gladium
873 1074 1121 1143 spiritus,
1180 1072 1324 1142 quod
1377 1077 1455 1125 est
1509 1073 1735 1125 verbum
1771 1074 1906 1141 Dei,
1962 1079 2015 1128 et
2070 1076 2354 1129 confortati
2403 1077 2461 1130 in

127 1163 297 1232 gratia
336 1161 553 1220 Domini
591 1161 775 1213 Nostri
797 1160 832 1213 J
837 1177 929 1212 esu
953 1160 1151 1213 Christi
1190 1159 1366 1211 velitis
1404 1159 1745 1229 ingeminatis
1785 1160 1973 1212 studiis
2012 1162 2250 1231 quotidie
2287 1163 2459 1233 magis

125 1248 443 1319 prospicere,
482 1252 541 1299 ut
579 1247 762 1299 fideles
802 1264 960 1300 curae
997 1238 1206 1298 vestrae
1247 1245 1536 1298 concrediti
1579 1246 1914 1312 „abstineant
1951 1247 2018 1300 ab
2057 1247 2238 1313 herbis
2263 1250 2459 1318 noxiis,

130 1351 260 1402 quas
299 1332 335 1385 J
339 1350 457 1385 esus
497 1333 736 1385 Christus
774 1350 881 1384 non
919 1333 1072 1399 colit,
1127 1332 1253 1401 quia
1305 1350 1413 1384 non
1465 1337 1588 1383 sunt
1626 1333 1885 1401 plantatio
1924 1333 2135 1386 Patris“
2168 1334 2201 1387 ¹.
2276 1331 2458 1406 Atque

65 1484 71 1490 Ω
129 1418 328 1472 eisdem
365 1419 608 1471 fidelibus
646 1419 911 1471 inculcare
948 1436 1223 1488 nunquam
1262 1418 1516 1487 desinite,
1571 1436 1783 1471 omnem
1835 1436 2019 1472 veram
2054 1421 2365 1474 felicitatem
2402 1422 2459 1475 in

126 1505 368 1558 homines
407 1522 474 1556 ex
511 1510 739 1575 augusta
776 1509 957 1558 nostra
995 1506 1284 1576 religione,
1339 1506 1558 1575 ejusque
1596 1504 1839 1557 doctrina
1878 1510 1930 1556 et
1969 1506 2225 1559 exercitio
2262 1507 2457 1561 redun-

130 1591 272 1703 dare,
311 1610 370 1644 ac
409 1593 622 1644 beatum
662 1609 775 1645 esse
812 1593 1087 1663 populum,
1127 1595 1276 1662 cujus
1314 1593 1578 1646 Dominus
1616 1592 1764 1645 Deus
1804 1593 1949 1660 ejus
1943 1589 1983 1644 ².

269 1679 470 1731 Docete
513 1676 835 1743 „catholicae
872 1677 1027 1731 Fidei
1063 1677 1411 1731 fundamento
1443 1697 1610 1749 regna
1648 1679 1968 1731 subsistere“
2002 1678 2047 1747 ³,
2086 1683 2140 1731 et
2176 1680 2311 1732 nihil
2345 1684 2457 1734 tam

128 1765 480 1831 mortiferum,
518 1769 629 1816 tam
666 1782 918 1834 praeceps
957 1764 1026 1817 ad
1065 1783 1261 1834 casum,
1300 1771 1410 1828 tam
1450 1767 1752 1836 expositum
1790 1765 1859 1818 ad
1898 1765 2074 1817 omnia
2110 1766 2374 1835 pericula,
2411 1763 2459 1820 si
2523 1813 2526 1816 ,

127 1853 228 1906 1100
267 1853 438 1904 solum
479 1850 631 1902 nobis
666 1855 914 1919 putantes
958 1867 1113 1920 posse
1167 1851 1439 1918 sufficere,
1493 1850 1638 1920 quod
1688 1850 1918 1903 liberum
1969 1850 2282 1918 arbitrium,
2335 1869 2456 1905 cum
2512 1887 2518 1893 .

101 1966 113 1991 ;
126 1955 477 2004 nasceremur,
515 1937 841 2006 accepimUS,
879 1938 1019 1988 ultra
1050 1938 1161 2006 jam
1200 1956 1232 1990 a
1270 1938 1500 1990 Domino
1540 1937 1675 1990 nihil
1712 1954 2055 2007 quaeramuS,
2079 1936 2149 1988 id
2189 1943 2294 2006 est,
2332 1955 2455 1991 auc-

125 2026 253 2078 toris
291 2024 459 2076 nostri
497 2022 664 2090 obliti,
691 2024 818 2093 ‘ejus
855 2024 1175 2094 potentiam,
1213 2030 1274 2076 ut
1310 2042 1407 2076 nos
1447 2024 1787 2076 ostendamus
1824 2023 2043 2091 liberos,
2081 2023 2387 2092 abjuremus
2413 2023 2454 2078 ⁴.

126 2110 307 2179 Atque
347 2110 505 2162 etiam
543 2128 609 2162 ne
648 2110 902 2162 omittatis
941 2109 1133 2163 docere
1169 2111 1375 2180 regiam
1412 2115 1734 2180 potestatem
1771 2127 1879 2162 non
1930 2109 1999 2162 ad
2048 2110 2220 2162 solum
2267 2111 2455 2165 mundi

124 2197 392 2266 regimen,
447 2196 540 2249 sed
592 2197 826 2249 maxime
857 2196 948 2257 ⁴ad
986 2197 1258 2250 Ecclesiae
1311 2197 1637 2267 praesidium
1676 2214 1790 2250 esse
1831 2197 2078 2249 collatam
2109 2195 2163 2264 5,
2217 2202 2269 2263 et
2320 2198 2456 2253 nihil
2522 2224 2538 2263 v3

60 2296 67 2304 ·
123 2300 253 2351 esse,
293 2282 435 2352 quod
479 2283 754 2335 civitatum
787 2283 1127 2353 Principibus
1167 2289 1220 2336 et
1252 2284 1496 2353 Regibus
1535 2285 1724 2353 majori
1760 2283 1957 2335 fructui
1995 2284 2306 2354 gloriaeque
2337 2298 2453 2339 esse

111 2369 302 2438 possit,
342 2388 502 2438 quam
540 2371 606 2437 si,
645 2374 704 2421 ut
742 2371 1160 2439 sapientissimus
1198 2371 1623 2440 fortissimusque
1663 2373 1796 2423 alter
1834 2369 2219 2423 Praedecessor
2256 2369 2454 2424 Noster

124 2454 175 2509 S.
213 2457 368 2509 Felix
402 2458 604 2509 Zenoni
629 2456 949 2527 Imperatori
988 2456 1369 2526 perscribebat,
1413 2456 1739 2522 „Ecclesiam
1766 2456 2079 2508 catholicam
2106 2496 2118 2507 .
2146 2495 2157 2506 .
2187 2493 2205 2508 .
2227 2496 2238 2507 .
2277 2456 2454 2510 sinant
2509 2443 2537 2515 '1

121 2528 201 2594 uti
236 2535 444 2613 legibus
482 2545 605 2611 suiS,
644 2562 741 2597 nec
779 2545 1013 2598 libertati
1052 2546 1165 2613 ejus
1206 2560 1530 2613 quemquam
1554 2543 1867 2613 permittant
1892 2541 2165 2594 obsistere.
2193 2582 2204 2593 .
2233 2583 2245 2594 .
2275 2583 2287 2594 .
2327 2543 2453 2596 Cer-

120 2630 236 2678 tum
273 2632 352 2679 est
391 2629 532 2681 enim
568 2629 668 2681 hoc
706 2629 865 2681 rebus
904 2630 1012 2681 suis
1052 2623 1179 2682 esse
1205 2630 1464 2696 salutare,
1501 2635 1587 2696 ut,
1626 2646 1747 2682 cum
1785 2628 1852 2680 de
1890 2628 2062 2680 causis
2100 2627 2205 2681 Dei
2242 2634 2450 2699 agatur,

113 2712 272 2781 juxta
309 2714 473 2783 ipsius
514 2717 885 2783 constitutum,
934 2717 1139 2786 regiam
1177 2718 1510 2769 voluntatem
1550 2714 1927 2767 Sacerdotibus
1964 2712 2164 2766 Christi
2202 2715 2452 2768 studeant
2511 2727 2533 2765 I

88 2822 92 2826 ·
123 2798 369 2867 subdere,
406 2818 512 2853 non
549 2802 850 2870 praeferre“
885 2802 919 2854 ⁶.

264 2886 372 2938 Sed
409 2887 454 2938 si
491 2904 714 2958 semper,
752 2889 1102 2942 Venerabiles
1141 2891 1384 2955 FratreS,
1423 2904 1564 2939 nunc
1602 2886 1937 2957 potissimum
1974 2887 2029 2938 in
2067 2888 2229 2939 tantis
2266 2887 2450 2942 Eccle-

120 2969 232 3023 siae
280 2971 554 3041 civilisque
593 2973 857 3024 societatis
895 2974 1314 3041 calamitatibus,
1367 2974 1423 3025 in
1460 2977 1610 3025 tanta
1647 2972 2076 3024 adversariorum
2113 2975 2299 3025 contra
2334 2989 2449 3025 rem

120 3057 458 3124 catholicam,
512 3062 563 3108 et
614 3057 750 3111 hanc
788 3057 1155 3128 Apostolicam
1204 3045 1402 3113 Sedem*
1456 3058 1848 3128 conspiratione
1902 3062 2156 3128 tantaque
2209 3074 2448 3110 errorum

123 3144 385 3212 congerie,
423 3159 638 3195 necesse
677 3144 889 3196 omnino
929 3151 1024 3212 est,
1063 3150 1122 3196 ut
1159 3145 1415 3198 adeamus
1452 3163 1572 3197 cum
1611 3144 1807 3196 fiducia
1846 3144 1916 3197 ad
1948 3145 2199 3198 thronum
2225 3144 2447 3213 gratiae,
2531 3193 2535 3195 ,

122 3232 182 3279 ut
218 3229 631 3281 misericordiam
669 3247 1069 3299 consequamur,
1108 3236 1160 3283 et
1197 3232 1427 3301 gratiam
1460 3231 1793 3283 inveniamus
1821 3231 1876 3282 in
1901 3230 2101 3290 auxilio
2129 3235 2447 3300 opportuno.

122 3311 389 3372 Quocirca
423 3315 659 3366 omnium
697 3315 932 3367 fidelium
970 3317 1224 3386 pietatem
1263 3317 1498 3370 excitare
1539 3317 1978 3383 existimavimus,
2014 3320 2075 3368 ut
2109 3333 2217 3368 una
2252 3316 2447 3387 Nobis—
2529 3358 2540 3369 .

125 3414 247 3450 011111
271 3397 545 3467 Vobisque
585 3401 1050 3473 clementissimum
1086 3404 1350 3456 luminum
1388 3407 1440 3455 et
1475 3402 1960 3456 misericordiarum
1986 3401 2204 3454 Patrem
2240 3402 2447 3455 ferve'n-
2513 3460 2515 3464 Α

245 3645 260 3672 ¹
293 3649 337 3690 S.
371 3650 575 3701 Ignatius
606 3650 667 3689 M.
702 3652 756 3692 ad
787 3653 1066 3708 PhiIadelph.
1101 3655 1138 3706 3.

240 3718 258 3747 ²
288 3723 455 3762 Psalm.
490 3723 584 3761 143.

244 3790 264 3818 ³
293 3793 338 3834 S.
372 3793 563 3835 Caelest.
593 3799 719 3848 epist
744 3798 824 3837 ..22
858 3799 913 3838 ad
946 3799 1110 3852 Synod.
1142 3801 1306 3854 Ephes.
1341 3801 1456 3853 apud
1489 3801 1637 3844 Coust.
1671 3816 1715 3856 p.
1750 3801 1877 3842 1200.

240 3864 261 3891 ⁴
291 3866 335 3908 S.
369 3868 589 3908 Innocent.
624 3869 659 3908 I.
692 3872 818 3922 epist.
851 3871 919 3911 29.
954 3872 1008 3912 ad
1038 3873 1186 3924 Episc.
1220 3884 1340 3912 conc.
1373 3872 1587 3926 Carthag.
1622 3874 1740 3927 apud
1773 3872 1921 3915 Coust.
1954 3886 1998 3942 Ρ.
2033 3873 2129 3913 891.

205 3927 208 3932 ”
247 3936 266 3964 ⁵
297 3940 343 3982 S·
374 3939 480 3992 Leo,
512 3940 654 3994 Epist.
690 3941 787 3981 156.
820 3943 872 3981 al.
907 3943 1001 3983 125.

245 4008 264 4037 ⁶
294 4014 403 4054 Pius
435 4012 540 4055 VII.
573 4012 714 4066 Epist.
747 4013 929 4066 Encycl.
961 4010 1045 4054 Diu
1076 4014 1189 4054 satis.
1223 4016 1290 4055 15.
1321 4018 1427 4069 maji
1459 4017 1583 4057 1800.
