2540 4282
604 95 840 151 Responsa
868 95 1023 148 aliqua
1051 91 1460 147 Congregationum
1495 91 1811 134 Romanarum.
2327 84 2387 135 89

288 242 386 293 3a.
425 237 687 293 Servandi
724 237 997 290 indemnia
1036 253 1372 307 quocumque
1408 239 1652 305 tempore
1692 235 1811 287 loca
1850 233 1941 304 pia
1978 250 2141 304 super
2176 234 2388 304 integra

425 323 770 395 percePtione
807 323 1040 391 canonis,
1078 322 1261 390 livelli,
1299 339 1362 375 ac
1398 321 1775 392 praestationis
1813 337 1876 373 ac
1914 337 2076 390 super
2110 319 2387 389 quibusvis

426 412 545 464 aliis
573 409 804 480 juribus,
838 425 982 481 ‘quae
1018 408 1088 461 ad
1126 410 1243 479 ipsa
1267 410 1396 469 ⁴loca
1431 409 1522 479 pia
1561 407 1758 461 exinde
1799 405 2141 478 spectabant3
2179 422 2389 458 necnon

423 495 753 567 adimplendi
789 498 950 565 prout
990 495 1056 547 de
1088 496 1211 564 jure
1247 496 1337 566 pia
1376 514 1540 549 onera
1592 496 1771 550 fundis
1826 496 2068 563 adnexa,
2122 497 2388 565 quatenus
2476 558 2477 561 Ἴ
2520 520 2521 523 “

423 582 639 636 aliunde
675 600 783 634 non
820 581 1228 651 adimpleantur.

288 673 384 723 4‘a.
423 669 680 722 Monendi
706 667 934 721 heredes
962 673 1014 720 et
1039 684 1371 735 successores
1396 683 1493 736 per
1524 666 1888 736 syngrapham
1924 665 2282 736 subscriptam
2322 664 2389 718 de

422 753 730 824 hujusmodi
768 753 1211 824 obligationibus,
1248 758 1309 805 ut
1347 758 1400 805 et
1436 752 1539 822 ipsi
1577 752 1775 814 sciant,
1812 752 1882 804 ad
1921 742 2051 822 quid
2087 755 2388 805 teneantur.

191 846 272 897 12.
312 841 381 894 Se
418 841 558 894 nelle
594 840 791 892 facolta
829 840 916 892 del
956 838 1206 892 Giubileo
1247 839 1324 891 sia
1362 855 1642 909 compresa
1680 838 1851 890 anche
1901 839 2080 908 quella
2134 838 2188 891 di
2226 838 2389 890 assol-

283 946 410 982 vere
447 928 466 979 i
503 927 766 997 penitenti
805 924 926 979 dall'
964 923 1219 979 eresia?.1

184 1016 250 1069 R.
289 1014 651 1081 Affirmative,
706 1013 966 1082 abjuratis
1012 1013 1162 1083 prius
1211 1016 1265 1064 et
1301 1011 1603 1063 retractatis
1641 1011 1914 1064 erroribus
1951 1014 2111 1080 prout
2150 1009 2216 1062 de
2248 1009 2388 1079 jure.

189 1105 274 1156 13.
310 1102 405 1170 Se,
445 1100 674 1153 durante
711 1100 751 1151 il
789 1098 1070 1166 Giubileo,
1111 1098 1197 1150 chi
1234 1098 1375 1151 fosse
1412 1099 1502 1168 gia
1539 1103 1678 1151 stato
1716 1099 1772 1150 in
1809 1098 1957 1150 forza
1996 1097 2051 1149 di
2092 1114 2208 1150 esso
2247 1113 2391 1149 asso-

286 1189 400 1240 luto
439 1186 508 1238 da
546 1203 769 1239 censure
809 1203 837 1238 e
876 1186 983 1237 casi
1020 1184 1299 1252 riservati,
1354 1183 1595 1237 cadendo
1637 1184 1692 1237 di
1729 1202 1908 1237 nuovo
1947 1184 2004 1235 in
2040 1183 2149 1236 casi
2202 1200 2231 1236 e
2269 1199 2391 1235 cen-

283 1288 406 1327 sure
443 1274 704 1327 riservate
742 1290 903 1343 possa
941 1289 1117 1324 essere
1155 1272 1391 1323 assoluto
1429 1289 1527 1342 per
1559 1271 1613 1323 la
1651 1271 1885 1324 seconda
1922 1271 2070 1323 volta
2105 1267 2387 1339 ripetendo

291 1362 342 1414 16
382 1377 545 1431 opere
582 1359 862 1429 ingiunte‘?
889 1355 910 1390 2

182 1447 249 1500 R.
288 1447 572 1516 Negative.

188 1536 271 1588 14.
310 1535 380 1587 Se
419 1533 506 1586 chi
541 1533 613 1584 ha
651 1531 963 1601 conseguito
1002 1530 1092 1600 gia
1129 1548 1237 1583 una
1274 1530 1421 1583 volta
1443 1529 1805 1601 l'indulgenza
1832 1530 1920 1583 del
1947 1528 2200 1583 Giubileo
2231 1545 2391 1599 possa

286 1619 621 1690 conseguirla
660 1618 714 1670 di
750 1635 945 1686 nuOVO,
985 1616 1187 1686 purche
1225 1617 1398 1687 ripeta
1435 1618 1486 1670 le
1526 1634 1688 1688 opere
1726 1617 2006 1687 ingiunte?
2035 1615 2057 1649 3

184 1708 251 1762 R.
295 1706 650 1760 Affirmative.

188 1797 270 1849 15.
308 1795 377 1847 Se
414 1794 432 1845 i
470 1791 775 1845 Confessori
811 1807 1043 1861 possano
1082 1795 1240 1842 usare
1279 1789 1418 1842 delle
1453 1788 1652 1842 facolta
1700 1787 2114 1857 straordinarie'‚
2166 1805 2267 1841 con
2305 1786 2392 1840 chi
2423 1817 2435 1830 ·

285 1878 624 1932 dimandasse
661 1877 813 1930 bensi
851 1875 906 1928 di
944 1892 1119 1928 essere
1159 1875 1394 1928 assoluto
1446 1894 1475 1929 e
1515 1876 1852 1947 dispensat03
1905 1895 1994 1929 ma
2040 1893 2149 1928 non
2204 1890 2391 1928 avesse

281 1966 499 2020 volonta
537 1964 592 2017 di
628 1963 741 2017 fare
778 1963 829 2015 le
869 1980 1031 2033 opere
1068 1962 1329 2032 ingiunte,
1369 1980 1398 2015 6
1435 1963 1648 2016 lucrare
1684 1964 1723 2016 il
1761 1962 2050 2016 Giubileo‘?
2079 1961 2104 1993 ⁴

187 2054 253 2106 R.
291 2053 574 2123 Negative.

290 2154 494 2206 Datum
530 2152 736 2218 Romae
773 2150 829 2203 in
868 2168 907 2202 s.
946 2148 1370 2203 Poenitentiaria
1409 2150 1496 2204 die
1538 2154 1586 2204 1.
1615 2152 1756 2221 junii
1798 2154 1952 2205 1869.

677 2271 934 2323 Antonius
972 2267 1152 2337 Maria
1197 2268 1350 2321 θανά.
1393 2268 1744 2338 Panebianw,

875 2353 1328 2406 Poenitentiarius
1365 2355 1551 2423 major.

1300 2448 1355 2500 L.
1400 2449 1527 2502 Can.
1569 2450 1808 2515 PeiranO,
1848 2449 1900 2502 S.
1938 2447 2001 2500 P.
2045 2445 2393 2501 Secretarius.

445 2700 853 2787 REsPoNsUM
887 2737 937 2786 s.
975 2735 1571 2786 OONGREGATIONIS
1609 2736 1694 2786 ss.
1730 2736 1996 2785 RITUUM

350 2837 407 2884 de
437 2837 587 2883 missa
622 2841 664 2883 et
697 2835 888 2883 collecta
921 2835 1135 2897 Spiritus
1168 2836 1218 2884 S.
1255 2852 1312 2885 ex
1345 2839 1589 2886 occasione
1626 2837 1830 2886 Concilii
1860 2839 2102 2900 injimctis.

1003 2938 1060 2979 D.
1093 2939 1133 2978 3.
1159 2940 1267 2992 Julii
1301 2941 1426 2981 1869.

187 3052 271 3106 De
309 3052 471 3104 Missa
525 3051 754 3122 Spiritus
807 3053 990 3107 Sancti
1042 3071 1205 3125 quam
1258 3052 1634 3108 Sanctissimus
1686 3056 1953 3108 Dominus
2007 3055 2206 3108 Noster
2260 3055 2393 3122 Pius

43 3139 200 3210 Papa
235 3139 334 3193 IX.
380 3138 600 3192 Litteris
649 3140 953 3210 apostolicis
1002 3141 1060 3193 in
1110 3142 1283 3194 forma
1334 3142 1525 3196 Brevis
1579 3142 1717 3196 datis
1771 3143 1857 3196 die
1908 3145 1991 3195 11.
2029 3142 2214 3212 aprilis
2267 3142 2394 3194 anni

165 3305 185 3335 ¹
213 3304 330 3350 Lat.:
367 3309 440 3350 An
470 3313 584 3350 inter
615 3309 855 3350 facultates
887 3310 1085 3350 Jubilaei
1117 3309 1516 3362 comprehendatur
1547 3313 1683 3353 etiam
1714 3310 1909 3352 facultas
1943 3310 2204 3353 absolvendi
2233 3314 2393 3366 poeni-

41 3382 193 3422 'tentes
226 3381 284 3423 ab
316 3383 518 3423 haeresi.
504 3383 524 3412 9

776 3425 787 3440 .

166 3449 185 3477 ²
214 3449 331 3494 Lat..-
375 3454 448 3495 An
479 3458 579 3508 quis
610 3458 808 3507 tempore
840 3453 1037 3496 Jubilaei
1066 3458 1234 3496 virtute
1265 3454 1467 3508 ejusdem
1515 3468 1541 3495 a
1586 3455 1767 3496 casibus
1815 3458 1858 3495 et
1906 3459 2105 3498 censuris
2152 3459 2393 3499 reservatis

0 3525 139 3580 jam
171 3527 417 3581 absolutus,
449 3531 487 3568 si
519 3528 661 3569 denuo
694 3531 740 3567 in
772 3539 905 3567 casus
937 3530 982 3567 et
1012 3538 1221 3569 censuras
1253 3532 1512 3570 reservatas
1535 3528 1754 3582 inciderit,
1786 3528 2029 3570 secundum
2048 3532 2195 3584 possit
2218 3530 2394 3573 absolvi

30 3597 287 3654 repetendo
319 3611 456 3652 opera
485 3601 603 3641 bona
633 3600 870 3654 injuncta?

112 3665 118 3671 ’
166 3665 187 3696 ³
213 3666 329 3711 Lata
370 3671 442 3712 An
473 3675 573 3724 quis
599 3673 696 3726 jam
728 3674 862 3714 semel
893 3673 1094 3714 lucratus
1124 3673 1447 3728 indulgentiam
1479 3674 1676 3715 Jubilaei
1707 3673 1852 3715 denuo
1890 3677 2035 3728 possit
2067 3674 2253 3716 eandem
2284 3688 2394 3717 con-

56 3743 196 3796 sequi,
228 3743 449 3796 siquidem
479 3757 615 3798 opera
644 3747 761 3786 bona
791 3747 995 3799 injuncta
1023 3748 1315 3799 repetiverit?

164 3810 185 3840 4
213 3810 330 3855 Lat.:
375 3814 448 3855 An
479 3815 744 3858 confessarii
776 3817 1063 3859 facultatibus
1096 3819 1462 3860 extraordinariis
1494 3822 1565 3859 §ti
1595 3821 1769 3873 possint
1801 3832 1910 3873 erga
1940 3821 2064 3874 illos,
2105 3824 2183 3875 qui
2216 3821 2395 3862 absolvi

27 3878 226 3954 f-quidem
256 3890 299 3927 et
330 3886 707 3940 dispensationem
736 3893 934 3944 recipere
963 3891 1133 3945 volunt,
1163 3882 1246 3932 nec
1275 3904 1383 3933 vero
1410 3892 1685 3933 voluntatem
1708 3893 1873 3934 habent
1897 3893 2090 3934 faciendi
2112 3895 2232 3936 bona
2256 3907 2395 3948 opera

51 3958 254 4011 injuncta
285 3963 328 4000 et
357 3960 560 4000 lucrandi
592 3961 822 4003 Jubilaei?
