2540 4282
150 151 207 201 16
335 173 338 176 Δ
1202 150 1430 208 syllabus.

325 301 682 362 XXXVIII.
755 301 1042 361 Divisioni
1087 300 1381 360 Ecclesiae
1434 301 1498 360 in
1554 294 1895 362 orientalem
1939 310 2111 384 atque
2157 287 2482 375 occidentae

151 403 278 462 lem'
309 403 488 462 nimia
531 402 925 462 Romanorum
970 400 1318 460 Pontificum
1366 402 1603 461 arbitria
1648 401 2031 463 contulerunt.

494 515 609 561 Litt.
645 514 819 575 Apost.
855 513 938 559 Aa
972 513 1258 573 apostolicae
1293 515 1370 560 22.
1407 513 1608 575 augusti
1646 516 1785 562 1851.
1824 549 1826 551 -

1207 686 1257 762 ξ.
1308 687 1415 776 vr.

237 817 480 876 Errores
526 817 592 875 cle
635 818 894 875 societate
939 816 1093 876 civili
1134 822 1251 876 tuni
1298 818 1358 873 in
1401 835 1479 893 se,
1529 822 1646 875 tuin
1691 820 1754 876 in
1798 822 1917 879 suis
1962 821 2040 879 acl
2083 821 2398 882 Ecclesiam

975 916 1342 975 relationibus
1386 923 1651 995 spectata.
2443 910 2446 913 ’

322 1059 619 1120 ΧΧΧΙΧ.
690 1060 1068 1139 Reipublicae
1115 1067 1327 1137 statUS,
1393 1067 1593 1140 utpote
1638 1065 1894 1125 omnium
1939 1067 2161 1144 jurium
2221 1068 2380 1147 origo
2427 1075 2486 1130 et

151 1162 295 1240 fons,
318 1161 476 1240 ‚jure
518 1162 769 1240 quodam
813 1161 994 1240 pollet
1038 1160 1213 1219 nullis
1258 1161 1687 1243 circumscripto
1726 1165 2024 1227 limitibus.

450 1273 624 1321 Alloc.
641 1272 863 1320 Maxima
899 1274 1087 1335 quidem
1124 1275 1166 1320 9.
1195 1273 1323 1335 junii
1362 1276 1500 1323 1862.

323 1401 452 1461 XL.
526 1401 854 1461 Catholicae
898 1400 1191 1461 Ecclesiae
1254 1401 1513 1462 doctrina
1557 1402 1859 1463 humanae·
1907 1405 2194 1465 societatis
2238 1408 2388 1519 bono
2430 1414 2486 1469 et
2527 1436 2530 1437 ⁷

2 1542 8 1550 -
89 1556 92 1557 ν
150 1503 461 1563 commodis
507 1503 863 1561 adversatur.

495 1613 654 1676 Epist.
693 1614 874 1676 encycl.
918 1615 1009 1673 Qui
1033 1615 1262 1677 pluribus
1298 1617 1341 1662 9.
1378 1616 1665 1663 novembris
1705 1618 1843 1684 1846.

493 1692 653 1740 Alloc.
696 1693 872 1752 Quibus
906 1696 1187 1756 quantisque
1223 1696 1299 1742 20.
1334 1694 1500 1756 aprilis
1536 1696 1673 1742 1849.

321 1819 482 1879 XLI.
548 1819 719 1879 Civili
765 1818 1039 1897 potestati
1089 1819 1185 1878 vel
1239 1820 1311 1878 ab
1364 1819 1584 1878 infideli
1628 1819 1951 1898 imperante
1998 1821 2285 1882 exercitae
2331 1843 2483 1883 com-

94 1919 295 2000 'petit
339 1902 597 1999 potestas
642 1918 923 1978 indirecta
967 1919 1240 1997 negati-va
1298 1919 1360 1978 in
1422 1940 1615 1997 sacra3
1679 1919 1866 1979 eidem
1923 1921 2166 2000 proinde
2211 1922 2486 2002 competit

150 2020 363 2080 nedum
398 2021 498 2099 jus
544 2021 697 2100 quod
741 2026 951 2080 vocant
996 2027 1310 2099 exequatur,
1361 2021 1460 2081 sed
1505 2020 1678 2080 etiam
1716 2020 1814 2098 jus
1847 2022 2260 2100 appellationes,
2300 2043 2484 2101 ¹quam

150 2106 510 2202 nuncupant,
563 2121 632 2180 ab
680 2120 875 2180 abusu.
2032 2138 2035 2139 ’

394 2252 398 2253 ’
497 2234 616 2282 Litt.
652 2234 828 2296 Apost.
864 2233 946 2281 Aa
981 2234 1268 2295 apostolicae
1303 2235 1379 2280 22.
1418 2233 1618 2295 augusti
1656 2235 1792 2281 1851.

321 2357 513 2418 XLII.
581 2358 654 2417 In
699 2359 964 2419 conflictu
1010 2358 1206 2436 legum
1251 2351 1551 2449 utriusque
1595 2326 1898 2438 potestatis
1948 2357 2048 2435 jus
2103 2356 2270 2418 civile
2314 2327 2481 2436 prae-

149 2460 318 2520 valet.
1768 2507 1771 2509 ,

498 2566 617 2613 Litt.
652 2566 830 2629 Apost.
866 2566 948 2613 Aa
980 2567 1268 2628 apostolicae
1303 2567 1378 2612 22.
1415 2564 1614 2627 augusti
1640 2545 1789 2612 1851.

324 2689 546 2748 XLIII.
608 2690 786 2758 Laica
831 2698 1087 2770 potestas
1143 2689 1539 2749 auctoritatem
1599 2688 1774 2746 habet
1830 2687 2223 2764 rescindendi,
2288 2659 2476 2747 decla}
2525 2772 2529 2774 .

149 2789 315 2848 randi
361 2810 426 2849 ac
469 2790 715 2850 faciendi
774 2791 964 2851 irritas
1027 2791 1314 2850 solemnes
1375 2788 1780 2850 conventiones
1842 2786 2040 2864 (vulgo
2095 2785 2501 2870 Concordata).

55 2930 59 2934 -
151 2909 327 2968 super.
367 2898 477 2948 usu
513 2890 734 2975 jurium
778 2891 852 2950 ad
899 2891 1341 2952 ecclesiasticam
1401 2888 1822 2948 immunitatem
1877 2887 2290 2966 pertinentium
2347 2907 2477 2946 cum
2528 2911 2531 2914 ·

57 3509 62 3514 “
100 3550 107 3560 f.
151 3502 621 3594 instructionibus
676 3506 935 3583 judicare

54 3672 56 3674 ¹
152 3622 415 3662 normam
458 3623 561 3682 pro
623 3625 724 3664 suo
779 3625 1015 3666 munere
1077 3606 1254 3665 edunt

149 2988 300 3055 ,Sede
330 2989 666 3067 Apostolica
708 2991 897 3069 initas,
939 2991 1061 3051 sine
1106 2991 1280 3069 hujus
1322 3010 1621 3066 consenSU‚
1669 2988 1845 3047 immo
1894 2994 1950 3046 et
1996 3007 2063 3047 ea
2107 2988 2470 3058 reclamante.

493 3101 651 3148 Alloc.
688 3100 747 3148 In
778 3104 1099 3150 consistoriali
1132 3104 1171 3149 1.
1195 3091 1494 3164 'novembris
1533 3104 1672 3150 1850.

494 3179 648 3227 Alloc.
681 3180 849 3229 Multis
877 3183 1198 3243 yravibusque
1230 3184 1303 3228 17.
1337 3181 1607 3228 decembris
1647 3182 1785 3227 1860.

262 3290 267 3295 ’
307 3303 542 3372 XLIV.
616 3303 816 3363 Civilis
877 3307 1183 3366 auctoritas
1242 3312 1430 3385 potest
1486 3325 1545 3364 se
1604 3304 1925 3364 immiscere
1982 3304 2151 3362 rebus
2209 3323 2356 3383 quae
2401 3304 2476 3364 ad
2531 3326 2533 3329 ·

151 3403 519 3482 religionem,
587 3405 774 3465 mores
828 3414 884 3466 et
922 3408 1182 3485 regimen
1230 3405 1527 3486 spirituale
1571 3405 1878 3483 pertinent.
1971 3403 2126 3462 Hinc
2169 3409 2362 3484 potest
2404 3403 2474 3464 de

1028 3527 1168 3586 quas
1214 3506 1506 3565 Ecclesiae
1565 3512 1822 3584 pastores
1877 3504 1951 3562 ad
1997 3504 2473 3565 conscientiarum
2523 3495 2531 3506 ⁸

1269 3655 1281 3684 ‚
1351 3606 1492 3684 quin
1545 3605 1716 3664 etiam
1767 3609 1956 3683 potest
2013 3603 2086 3664 de
2145 3600 2527 3695 divinorum(

108 3742 109 3746 =
155 3709 638 3762 sacramentorum
683 3705 1221 3764 administratione
1219 3713 1296 3765 et
1351 3704 1820 3784 dispositionibus
1880 3703 1953 3806 ad
1999 3722 2068 3762 ea
2110 3691 2473 3782 suscipienda
2525 3744 2533 3773 5

154 3802 490 3862 necessariis
533 3803 851 3862 decernere.
2432 3818 2435 3819 ’

950 3555 964 3585 7

497 3915 652 3961 Alloc.
689 3913 750 3961 In
784 3917 1103 3963 consistoriali
1139 3919 1179 3962 1.
1215 3916 1499 3963 novembris
1539 3916 1675 3962 1850.

497 3993 653 4040 Alloc.
690 3992 911 4039 Mau-ima
945 3995 1130 4059 quidem
1165 3996 1208 4040 9.
1236 3995 1365 4056 junii
1399 3996 1535 4042 1862.
