2540 4282
369 125 604 166 Methodus
638 121 858 167 servanda
886 128 933 166 in
963 127 1109 180 prima
1139 128 1337 167 sessione
1367 129 1485 168 sacri
1517 126 1703 168 Concilii
1733 129 2015 169 oecumenici.
2066 182 2072 185 .
2269 121 2355 172 113

0 268 82 341 ᾗ
173 270 253 322 18.
292 267 542 320 Summus
579 267 832 320 Pontifex
869 268 925 320 in
962 268 1208 338 ingressu
1245 268 1497 322 basilicae
1536 287 1564 323 e
1603 269 1729 322 sede
1768 268 2082 338 descendet,
2140 273 2354 326 mitram

0 350 271 432 onnet,
311 353 525 406 accedet
564 353 632 406 ad
671 354 838 406 altare
876 354 1068 425 papale
1107 358 1159 407 et
1198 373 1356 424 super
1392 355 1750 408 faldistorium
1787 355 2116 427 procumbet.

18 452 78 507 ’ξ
173 442 254 494 19.
293 440 550 493 Cantores
588 443 916 510 postremum
954 440 1140 509 hymni
1177 457 1392 492 versum
1431 443 1726 495 concinent.

18 540 70 580 sss
142 529 250 580 2Ο.
302 527 526 579 Interim
581 525 869 578 Generales
920 530 972 577 et
1019 525 1225 577 Vicarii
1277 526 1555 595 generales
1609 527 1931 599 supradicti,
1991 528 2132 582 facta
2194 547 2358 600 genu-

0 586 256 684 flexione
299 617 361 664 ut
405 629 592 683 supra,
644 629 740 681 per
780 611 1003 679 januam
1053 611 1330 663 lateralem
1366 629 1534 681 prope
1575 614 1828 668 sacellum
1867 615 2260 685 Gregorianum
2295 618 2358 671 Β.

0 698 96 762 Μ.
131 699 199 754 V.
240 700 417 751 aulam
452 698 822 768 ingredientur
861 702 913 750 et
950 702 1134 768 petent
1170 698 1288 750 loca
1325 699 1614 768 assignata.

57 844 64 853 .
167 782 250 839 21.
297 785 428 838 Post
466 789 679 838 cantum
727 785 902 837 ultimi
948 798 1134 836 versus
1181 782 1432 837 Summus
1471 785 1726 839 Pontifex
1773 787 2020 841 recitabit
2068 789 2356 843 versiculos

18 841 80 930 'et
115 873 394 926 orationes

23 959 26 962 ’
167 960 252 1011 22.
292 958 583 1030 Completis
638 957 990 1024 orationibUS,
1044 956 1464 1010 Eminentissimi
1503 956 1848 1028 Cardinales,
1907 961 2135 1030 repetita
2190 978 2381 1031 genu--

24 1045 255 1115 flexione
292 1049 352 1097 ut
389 1064 567 1116 supra,
605 1046 784 1097 aulam
822 1042 1190 1112 ingredientur
1225 1061 1345 1096 cum
1391 1043 1701 1096 caudatario
1728 1049 1953 1114 tantum,
1993 1052 2045 1099 et
2069 1047 2211 1100 facta
2235 1051 2359 1101 ante

24 1126 192 1199 altare
229 1131 531 1203 reverentia
569 1131 728 1198 cruci,
767 1130 836 1183 ad
874 1131 1092 1201 propria
1130 1131 1382 1183 subsellia
1418 1135 1659 1201 pergent.

28 1215 35 1227 ”
169 1220 254 1271 23.
293 1197 541 1271 Summus
579 1217 852 1285 Pontifex,
891 1216 1118 1287 repetita
1156 1217 1532 1287 genuflexione
1573 1222 1624 1269 et
1662 1222 1937 1289 resumpta
1968 1219 2143 1288 mitra,
2181 1219 2358 1272 aulam

17 1295 373 1376 ,mgredietun
410 1304 692 1357 benedicet
730 1304 983 1356 Patribus
1023 1308 1076 1355 et
1114 1303 1357 1374 deposita
1394 1304 1554 1356 mitra
1594 1303 1770 1356 orabit
1807 1308 1931 1358 ante
1971 1306 2154 1358 altare.

50 1400 58 1404 “
166 1394 252 1444 24.
289 1389 486 1461 Surget
528 1396 581 1443 et
604 1409 740 1443 cum
779 1391 1049 1443 Cardinali
1087 1390 1287 1444 decano
1329 1391 1662 1443 celebraturo
1703 1391 1919 1443 missam
1948 1391 2181 1462 incipiet,
2221 1409 2357 1462 quae

27 1477 135 1532 ritu
174 1482 426 1530 consueto
466 1477 838 1530 celebrabitur.

126 1566 267 1616 2.5
293 1563 359 1616 Ιιι
396 1563 559 1616 missa
597 1581 705 1616 non
745 1563 1090 1615 exhibebitur
1137 1563 1470 1633 obedientia,
1522 1581 1631 1617 non
1675 1565 1766 1618 fiet
1814 1583 1987 1617 sermo
2026 1571 2147 1636 post
2181 1566 2358 1619 Evan-

23 1629 243 1730 genum,
281 1667 454 1720 neque
492 1650 913 1702 Eminentissimi
951 1648 1261 1702 Cardinales
1300 1649 1368 1702 ad
1408 1650 1665 1704 circulum
1704 1651 2044 1705 descendent.
2288 1664 2292 1665 ’

33 1735 39 1740 ’
169 1740 252 1790 26.
289 1737 524 1807 Expleta
568 1736 728 1788 missa
781 1740 833 1788 et
884 1736 1106 1798 recitata
1160 1737 1399 1789 oratione
1447 1739 1687 1806 Placeat,
1737 1743 1851 1807 etc„
1891 1739 2188 1793 Cardinalis
2226 1741 2360 1793 cele-

25 1823 186 1879 brans
223 1823 292 1876 ad
330 1823 686 1876 faldistorium
723 1827 1040 1876 revertetur.

26 1936 43 1950 ν’
168 1913 251 1964 27.
291 1911 481 1963 Clerici
521 1911 754 1980 capellae
794 1928 952 1980 super
990 1911 1158 1963 altare
1196 1910 1452 1964 locabunt
1489 1911 1742 1964 thronum
1789 1931 1886 1984 pro
1925 1913 2234 1985 reponendo
2275 1931 2362 1966 co-

18 1993 141 2065 ilice
181 1996 232 2049 S.
270 1997 571 2067 Evangelii.

22 2083 35 2120 Γ
55 2139 57 2141 ,
168 2086 251 2136 28.
303 2083 602 2154 Episcopus
653 2082 876 2136 Concilii
915 2069 1244 2136 Secretarius
1296 2084 1362 2136 de
1415 2085 1531 2137 loco
1585 2103 1679 2138 suo
1735 2086 2048 2154 descendet,
2114 2091 2167 2140 et
2217 2087 2362 2140 facta

25 2171 244 2225 Summo
289 2171 538 2224 Pontifici
580 2171 908 2239 reverentia,
961 2169 1031 2223 ad
1076 2169 1404 2247 credentiam
1455 2172 1688 2226 accedet.
1764 2173 1903 2226 Tum
1953 2172 2198 2226 omnibus
2249 2191 2362 2226 sur-

24 2257 298 2330 gentibus,
345 2256 487 2310 idem
518 2256 814 2327 Episcopus
853 2256 1182 2311 Secretarius
1229 2259 1431 2310 nemini
1469 2261 1825 2313 reverentiam
1873 2260 2100 2329 faciens,
2153 2261 2360 2315 detecto

25 2345 197 2415 capite
247 2344 461 2397 deferet
497 2343 565 2396 ad
613 2345 780 2397 altare
819 2344 1054 2398 codicem
1092 2344 1144 2397 S.
1182 2343 1469 2414 Evangelii
1521 2350 1574 2398 et
1612 2364 1772 2416 super
1820 2350 2071 2416 paratum
2107 2347 2361 2401 thronum

24 2428 238 2482 locabit.

0 2533 5 2535 ·
40 2536 46 2538 ·
167 2518 252 2568 29.
289 2514 489 2566 Locato
517 2531 675 2583 super
700 2515 867 2566 altare
891 2514 1070 2568 codice
1095 2516 1144 2568 S.
1173 2516 1472 2587 Evangelii,
1509 2518 1806 2591 Episcopus
1832 2520 2159 2575 Secretarius
2184 2524 2360 2576 locum

3 2617 180 2665 zsnum
216 2605 377 2671 petet.

0 2694 3 2695 ’
48 2702 94 2731 ἰ
168 2691 252 2741 30.
290 2687 587 2757 Episcopus
614 2687 966 2739 Concionator
1002 2688 1225 2758 pluviali
1262 2690 1482 2742 indutus
1521 2695 1573 2743 et
1609 2692 1824 2744 mitram
1859 2694 2108 2747 manibus
2145 2699 2362 2766 gestans

0 2773 106 2844 ssad.
140 2775 332 2827 solium
378 2773 618 2842 accedet,
673 2777 724 2826 et
771 2773 911 2826 facta
962 2775 1110 2844 prius
1164 2776 1431 2845 profunda
1484 2780 1786 2831 reverentia
1836 2784 1959 2832 ante
1997 2782 2197 2851 gradus
2244 2783 2363 2836 solii

0 2860 297 2939 ‘ejusdem,
338 2859 406 2912 ad
445 2860 722 2912 Summum
760 2860 1076 2914 Pontificem
1110 2862 1352 2930 accedet,
1405 2864 1489 2916 cui
1547 2865 1834 2919 inclinatus
1873 2868 2201 2921 osculabitur
2248 2869 2362 2939 ejus

0 2952 168 3019 {genu
207 2947 489 2999 dexterum
538 2950 590 2998 et
626 2945 988 3016 indulgentias
1025 2948 1333 3018 postulabit.

33 3038 63 3127 ’,Δ
168 3035 251 3086 31.
289 3033 434 3084 Dum
471 3031 770 3101 Episcopus
808 3033 1163 3087 Concionator
1208 3035 1276 3087 ad
1316 3037 1509 3090 solium
1548 3038 1789 3107 accedet,
1838 3057 1934 3109 per
1985 3039 2362 3094 subsacristam

0 3104 192 3192 smper
224 3119 389 3170 altare
426 3123 740 3187 paramenta
773 3137 869 3188 pro
909 3120 1138 3173 Summo
1166 3121 1428 3175 Pontifice
1475 3125 1623 3193 prius
1663 3124 1920 3195 disposita
1958 3125 2360 3180 ordinabuntur.

0 3228 7 3231 ⁷
37 3201 39 3208 ¹
71 3235 88 3273 χ
169 3207 254 3256 32.
292 3203 600 3255 Habebitur
638 3221 811 3256 sermo
848 3223 945 3276 per
975 3206 1304 3276 Episcopum
1342 3209 1633 3261 mitratum.

41 3281 57 3341 ἶ.
124 3293 252 3343 33.
292 3290 569 3360 Completo
607 3307 876 3357 sermone,
925 3291 1279 3345 subdiaconus
1332 3295 1656 3364 apostolicus
1705 3313 1914 3348 crucem
1949 3279 2199 3367 papalem
2237 3303 2360 3353 ante

0 3367 222 3478 {gradus
260 3376 378 3428 solii
417 3375 636 3428 deferet.

38 3454 43 3461 ’
75 3475 78 3479 ’
169 3465 253 3515 34.
276 3462 543 3530 Summus
581 3465 860 3532 Pontifex,
900 3465 1142 3535 deposita
1178 3468 1366 3535 mitra,
1410 3471 1597 3538 surget
1636 3472 1688 3520 et
1723 3466 2149 3523 benedictionem
2186 3468 2358 3522 dabit:

0 3537 14 3604 ’Ξ
0 3523 111 3621 {bit
142 3565 331 3602 nomen
367 3551 606 3618 Domini,
646 3554 744 3603 etc.

5 3642 10 3646 ·
167 3634 251 3684 35.
289 3633 711 3686 Eminentissimi
750 3634 1058 3688 Cardinales
1098 3643 1150 3690 et
1182 3637 1635 3691 Reverendissimi
1691 3622 1882 3694 Patres
1929 3640 2146 3696 detecto
2184 3643 2359 3713 capite

0 3695 240 3803 {stabunt
276 3718 345 3771 ad
383 3719 834 3789 benedictionem,
873 3721 1116 3776 Abbates
1153 3730 1206 3778 et
1242 3725 1436 3795 reliqui
1484 3743 1666 3778 omnes
1704 3745 1882 3797 genua
1921 3729 2151 3781 flectent.

167 3807 251 3857 36.
302 3804 622 3875 Episcopus,
675 3809 765 3877 qui
815 3825 1115 3862 sermonem
1165 3810 1375 3879 habuit,
1432 3811 1824 3882 indulgentiam
1871 3813 2191 3884 publicabit,
2242 3820 2357 3868 tum

0 3874 308 3943 §descendet
345 3891 411 3944 de
450 3892 677 3946 ambone
713 3899 765 3946 et
802 3895 977 3947 locum
1014 3894 1116 3947 sibi
1154 3898 1482 3967 assignatum
1522 3898 1816 3969 occupabit.

7 4034 9 4036 ,
167 3978 251 4029 37.
288 3975 584 4054 Cardinalis
622 3979 895 4067 celebrans
934 3986 1140 4051 surget,
1191 3983 1404 4036 accedet
1443 3983 1510 4036 ad
1548 3986 1742 4054 altare,
1797 3987 2034 4057 signabit
2068 3987 2264 4041 librum
2302 3993 2354 4040 et

75 4058 224 4099 conc.
250 4060 387 4101 Vatic.
1871 4076 1898 4116 8
