2540 4282
92 1663 95 1665 Α
198 1624 351 1693 viali,
408 1624 543 1677 stola
590 1628 642 1676 et
694 1623 934 1693 eingu10,
987 1622 1174 1674 induet
1227 1622 1506 1675 Summum
1558 1624 1873 1677 Pontificem
1927 1626 2173 1678 omnibus
2225 1625 2500 1678 missalib

497 33 567 81 „r

207 181 295 230 114
547 187 783 228 Methodus
814 186 1035 228 servanda
1064 190 1111 228 in
1135 189 1508 241 primarsessione
1539 190 1660 229 sacri
1690 187 1878 230 Concilii
1907 193 2191 232 oecumenici.

207 329 467 399 seipsum,
521 348 581 381 ac
623 329 851 381 recitans
883 326 1243 397 Evangelium
1281 325 1332 379 S.
1370 327 1589 380 Ioannis
1638 333 1939 382 revertetur
1986 349 2106 384 cum
2137 333 2245 386 suis
2280 334 2431 388 mini
2465 322 2492 355 ⁷·
2532 313 2533 318 ⁷

103 458 110 462 .
205 414 275 468 ad
311 416 626 482 sacrarium,
665 431 841 466 sacras
878 417 1053 466 vestes
1090 413 1343 484 deponet,
1399 418 1451 467 et
1500 415 1724 484 pluviali
1761 405 1979 468 indutus
2016 417 2086 470 ad
2124 419 2303 473 aulam
2338 422 2493 486 ref

191 490 344 554 3i1‘1-ter
380 502 512 554 alios
550 492 1011 552 Eminentissimos
1043 500 1369 554 Cardinales
2312 520 2315 522 ’

349 590 433 640 38.
469 588 591 639 Duo
617 587 867 656 Episcopi
893 605 1012 639 cum
1034 585 1172 638 libro
1200 592 1252 640 et
1277 587 1499 640 candela
1525 589 1778 642 accedent
1804 589 1872 641 ad
1900 590 2178 643 Summum
2201 591 2460 648 Pontifice
2476 574 2523 641 12⁷-

205 674 298 742 qui
332 674 596 743 psalmum
640 673 808 738 Quam
850 675 1063 740 dilecta,
1103 674 1216 741 etc,
1254 674 1514 728 recitabit.
2498 735 2502 739 v

346 761 430 812 39.
474 758 840 815 Subdiaconus
878 760 1198 828 apostolicus
1238 761 1444 813 deferet
1478 761 1718 814 sandalia
1756 767 1808 815 et
1847 763 2046 833 caligas
2085 763 2153 816 ad
2193 765 2410 837 solium,
2474 751 2526 777 '⁷‘

203 845 420 898 mitatus
459 864 491 897 a
529 844 738 896 duobus
777 845 1086 915 signaturae
1123 846 1448 899 votantibus.

344 936 428 986 40.
468 932 718 985 Summus
756 933 1011 986 Pontifex
1049 933 1247 1002 caligas
1280 938 1332 984 et
1369 933 1608 986 sandalia
1646 934 1847 987 induet.

344 1022 427 1079 41.
468 1020 699 1073 Sacrista
737 1019 804 1072 ad
843 1008 1012 1072 altare
1049 1037 1146 1089 pro
1187 1019 1478 1071 diribendis
1518 1020 1679 1072 sacris
1716 1021 1954 1073 vestibus
1989 1021 2186 1092 Papae.

346 1109 431 1164 42.
469 1105 732 1158 Votantes
768 1105 836 1158 ad
874 1106 1042 1158 altare
1079 1123 1175 1175 pro
1215 1104 1517 1157 deferendis
1555 1107 1716 1158 sacris
1753 1107 1993 1159 vestibus
2031 1108 2331 1177 praedictis.

343 1196 427 1246 43.
467 1191 765 1246 Cardinalis
803 1192 1073 1245 Diaconus
1112 1196 1421 1244 cantaturus
1459 1191 1817 1262 Evangelium
1854 1193 1923 1246 ad
1961 1196 2168 1247 solium.

344 1281 428 1332 44.
468 1278 763 1332 Cardinalis
800 1277 946 1347 prior
990 1276 1429 1348 presbyterorum
1466 1278 1690 1349 pluviali
1737 1279 1955 1332 indutus
1994 1282 2186 1368 solium
2216 1280 2540 1340 conscend'l

203 1369 257 1419 et
291 1365 550 1418 annulum
588 1364 805 1416 Summo
843 1363 1089 1415 Pontifici
1128 1362 1392 1417 detrahet.

343 1453 427 1503 45.
466 1449 730 1502 Votantes
766 1453 1079 1518 paramenta
1118 1449 1359 1503 deferent
1397 1450 1465 1503 ad
1504 1451 1710 1504 solium.
2510 1510 2511 1515 ,

344 1540 428 1590 46.
468 1537 763 1591 Cardinalis
801 1536 1071 1589 Diaconus
1110 1536 1427 1605 praedictUS,
1468 1537 1715 1591 detractis
1750 1539 1898 1608 prius
1918 1539 2103 1604 mitra,
2140 1539 2378 1608 formali,
2413 1539 2471 1610 pl

198 1711 546 1780 paramentis,
584 1709 835 1762 videlicet
869 1709 1249 1778 subcinctoriO,
1288 1709 1456 1764 Cruce
1482 1712 1763 1780 pectorali,
1800 1711 2022 1780 fanone,
2063 1713 2225 1781 stola,
2260 1713 2439 1787 tunice
2490 1749 2496 1758 «
2526 1715 2536 1742 ³

198 1796 506 1866 dalmatica,
546 1796 864 1850 chirothecis
887 1800 942 1850 et
966 1797 1209 1866 planeta,
1248 1796 1626 1866 adjuvantibus
1654 1815 1865 1867 quoque
1892 1799 2266 1852 Oardinalibus
2293 1798 2468 1852 diaco

198 1883 581 1938 assistentibus.
2347 1880 2350 1883 ⁴
2491 1916 2502 1936 ;
2518 1870 2540 1933 ⁷⁴

340 1972 425 2023 47.
465 1968 831 2023 Subdiaconus
869 1969 1188 2039 apostolicus
1233 1968 1302 2020 ad
1353 1970 1520 2022 altare
1558 1988 1653 2040 pro
1695 1969 1744 2022 S.
1783 1971 1981 2039 Pallio,
2037 1972 2181 2041 quod
2219 1972 2423 2025 deferet
2467 1967 2527 2039 ³¹:⁷³⁷

200 2056 406 2108 solium.
483 2055 836 2108 Comitabitur
874 2055 941 2107 ab
980 2056 1147 2107 altero
1188 2073 1257 2107 ex
1294 2056 1601 2126 signaturae
1639 2057 1946 2109 votantibus
1986 2075 2106 2110 cum
2145 2058 2383 2128 spinulis.
2498 2063 2527 2070 ”

142 2176 145 2177 ⁷
340 2143 423 2194 48.
476 2141 773 2194 Cardinalis
825 2141 1095 2195 Diaconus
1143 2141 1415 2211 praefatus
1467 2161 1674 2196 sacrum
1726 2143 1957 2196 Pallium
2017 2145 2255 2214 imponet
2306 2143 2478 2196 Sum..

197 2229 462 2282 Pontifici.
2534 2301 2540 2303 λ

340 2317 423 2368 49.
463 2315 617 2368 Idem
641 2314 937 2369 Cardinalis
972 2315 1185 2368 mitram
1204 2320 1426 2385 reponet
1452 2315 1670 2369 Summo
1697 2315 1944 2368 Pontifici
1982 2319 2035 2368 et
2065 2315 2134 2368 ad
2159 2333 2314 2368 suum
2349 2317 2431 2413 loc
2471 2318 2501 2363 ι’

195 2401 407 2454 redibit.
2508 2471 2535 2475 ἡ

340 2491 425 2541 50.
462 2487 760 2567 Cardinalis
808 2487 1090 2557 presbyter
1142 2488 1392 2540 assistens
1440 2488 1697 2540 annulum
1744 2487 1983 2558 imponet
2020 2448 2238 2540 Summo
2275 2480 2534 2542 Pontifis

197 2579 250 2628 et
287 2574 355 2627 ad
393 2574 704 2627 subsellium
739 2562 897 2625 suum
931 2579 1245 2626 revertetur.
2511 2580 2536 2587 ·

340 2663 425 2713 51.
463 2660 833 2713 Praestabitur
857 2659 1162 2726 obedientia
1187 2659 1253 2712 ab
1278 2657 1723 2712 Eminentissimis
1749 2658 2148 2728 CardinalibuS,
2187 2661 2279 2730 qui
2303 2677 2429 2714 man
2447 2649 2531 2719 0⁷⁵³,

198 2745 404 2799 Summi
440 2746 712 2798 Pontificis
750 2744 1153 2813 osculabuntur,
1192 2763 1224 2797 a
1259 2744 1737 2798 Reverendissimis
1774 2745 2127 2814 PatriarchiS,
2179 2745 2442 2800 Primatib
2489 2770 2507 2813 ³3

195 2832 624 2903 Archiepiscopis
678 2837 731 2885 et
777 2832 1080 2902 Episcopis,
1141 2832 1231 2901 qui
1287 2831 1429 2884 facta
1487 2832 1633 2901 prius
1687 2831 1953 2901 profunda
1999 2832 2371 2887 inclinatione..
2397 2822 2540 2907 ans

195 2918 394 2989 gradus
418 2919 562 2988 solii,
589 2936 732 2988 genu
757 2918 1037 2970 dexterum
1063 2918 1267 2970 Summi
1292 2918 1567 2970 Pontificis
1597 2922 1797 2971 stantes
1832 2918 2238 2989 osculabuntur;
2275 2905 2540 2983 Abbatsfs

199 3022 322 3057 vero
348 3007 638 3076 praemissa
660 3006 1037 3075 genuflexione
1064 3011 1350 3074 antequam
1376 3005 1567 3056 solium
1603 3005 1980 3073 conscendant,
2020 3007 2291 3097 genuflexi
2326 2991 2540 3090 pedes}

198 3090 479 3161 dexterum
518 3092 721 3145 Summi
759 3091 1031 3144 Pontificis
1069 3091 1463 3144 osculabuntur.
2491 3156 2540 3167 η

342 3180 425 3231 52.
463 3178 759 3248 Episcopus
797 3178 1149 3245 Secretarius,
1197 3177 1454 3247 praestita
1501 3175 1831 3245 obedientia,
1868 3178 2043 3231 locum
2074 3177 2178 3229 sibi
2213 3178 2352 3231 inter
2389 3165 2540 3250 Ovs}

198 3264 355 3317 ciales
394 3265 722 3334 assignatum
762 3262 1054 3333 occupabit.
2473 3297 2479 3303 -
2516 3247 2540 3314 ]

340 3354 422 3405 53.
461 3351 739 3422 Completa
777 3352 1103 3420 obedientia,
1152 3369 1183 3403 a
1221 3351 1436 3405 Clericis
1474 3351 1723 3422 Capellae
1760 3350 2036 3421 parabitur
2070 3305 2423 3402 faldistorium
2468 3346 2472 3347 ⁷

195 3437 355 3507 plano
393 3438 526 3496 solii.
2510 3430 2540 3506 Ἰ

341 3524 427 3576 54.
461 3501 759 3576 Cardinalis
794 3524 997 3594 primus
1033 3523 1302 3576 Diaconus
1339 3523 1587 3576 assistens
1626 3524 1734 3576 alta
1770 3539 1898 3589 voce
1937 3521 2103 3574 dicet.
2150 3521 2319 3575 Orate.
2367 3543 2372 3545 ‘
2462 3547 2469 3555 ¹

340 3609 424 3661 55.
464 3599 713 3662 Summus
749 3609 1029 3677 Pontifex,
1079 3608 1318 3678 deposita
1362 3610 1545 3678 mitra,
1598 3607 1911 3679 procumbet
1945 3626 2105 3678 super
2139 3606 2401 3661 faldistori
2455 3632 2481 3675 ‘,.
2519 3604 2521 3606 ’

196 3690 388 3763 reliqui
425 3710 606 3746 omnes
643 3694 700 3746 in
735 3695 963 3764 propriis
999 3694 1128 3747 locis
1165 3711 1342 3763 genua
1377 3679 1603 3748 flectent.
2456 3687 2457 3690 ⁷
2528 3688 2535 3689 ⁷

343 3779 427 3831 56.
463 3777 690 3832 Interim
725 3783 938 3849 praesto
969 3784 1126 3832 erunt
1163 3779 1268 3831 duo
1307 3779 1559 3851 Episcopi
1595 3797 1714 3833 cum
1751 3778 1887 3832 libro
1921 3783 1975 3832 et
2013 3778 2248 3833 candela.

341 3866 425 3916 57.
462 3863 594 3916 Post
640 3863 803 3917 breve
850 3865 1102 3934 temporis
1139 3864 1370 3935 spatium
1408 3869 1591 3935 surget
1636 3869 1844 3917 tantum
1881 3864 2131 3917 Summus
2167 3864 2420 3917 Pontifex

196 3950 340 4023 leget
377 3949 433 4002 in
469 3953 595 4001 tono
632 3949 805 4002 feriali
842 3951 949 4002 alta
986 3967 1114 4003 voce
1153 3950 1472 4004 orationem:
1526 3953 1814 4019 Αιίεαηίας,
1852 3946 2094 4043 Domine
2130 3957 2232 4019 eta,
2268 3950 2325 4003 in
2361 3945 2540 4016 cu'ss'

196 4035 301 4088 fine
338 4052 521 4088 omnes
554 4033 982 4105 respondebunt:
1021 4036 1199 4089 Amen.
1993 4055 1996 4057 ’
2480 4022 2512 4037 ’
