2540 4282
622 127 890 207 Constitutio
921 163 1176 216 dogmatica
1207 161 1258 202 de
1289 160 1402 202 Fide
1433 159 1679 202 Catholiea.
2265 149 2351 200 177

906 386 1465 475 OANONES.

1162 586 1209 646 Ι.

2 798 15 801 -
575 712 666 782 De
713 711 843 790 Deo
889 731 1109 782 rerum
1156 710 1442 781 omnium
1487 709 1800 780 Creatore.

2 837 16 898 'f‘
199 870 252 928 1.
313 869 374 929 81
420 868 549 948 quis
594 889 776 927 unum
820 889 1024 928 verum
1061 868 1252 927 Deum
1297 866 1614 926 visibilium
1661 872 1718 925 et
1759 863 2136 923 invisibilium
2181 863 2358 924 Crea-

5 977 203 1034 vitorem
251 977 308 1030 et
349 969 667 1029 Dominum
710 969 1037 1047 negaverit,
1086 968 1397 1028 anathema
1441 957 1531 1027 sit

6 1139 11 1142 ,
199 1071 254 1130 2.
303 1070 365 1130 81
410 1070 539 1150 quis
583 1077 813 1149 praeter
856 1070 1157 1130 materiam
1197 1069 1345 1129 nihil
1391 1089 1516 1128 esse
1562 1068 1848 1127 affirmare
1889 1087 2009 1127 non
2042 1066 2361 1146 erubuerit3

7 1147 332 1271 {anathema
376 1172 466 1232 sit.

58 1335 63 1339 ,
202 1275 255 1332 3.
307 1273 368 1333 81
414 1274 542 1352 quis
575 1275 802 1351 dixerit,
851 1295 1029 1335 unam
1077 1274 1436 1353 eandemque
1470 1292 1596 1332 esse
1624 1272 1738 1331 Dei
1783 1278 1841 1332 et
1870 1291 2064 1330 rerum
2109 1270 2366 1330 omnium

12 1340 407 1434 isubstantiam
451 1375 545 1434 vel
593 1376 929 1454 essentiam,
979 1376 1289 1435 anathema
1334 1374 1422 1433 sit.

13 1479 16 1481 ’
199 1475 255 1532 4.
321 1472 383 1531 81
428 1476 555 1555 quis
603 1476 837 1555 dixerit,
902 1497 992 1536 res
1039 1477 1263 1555 finitas,
1325 1481 1450 1534 tum
1503 1494 1804 1554 corporeas
1849 1480 1973 1533 tum
2019 1471 2352 1554 spirituales

15 1576 129 1629 naut
172 1571 376 1632 saltem
423 1574 777 1654 spiritualeS,
827 1597 857 1635 e
904 1576 1100 1636 divina
1146 1576 1469 1636 substantia
1515 1595 1847 1653 emanasse3

198 1679 299 1733 aut
321 1675 580 1736 divinam
603 1677 911 1736 essentiam
935 1678 1023 1737 sui
1046 1677 1510 1738 manifestatione
1532 1677 1626 1736 vel
1652 1676 1978 1736 evolutione
2002 1675 2126 1735 fieri
2147 1674 2366 1753 omnia3

200 1782 301 1835 aut
345 1777 594 1858 denique
638 1779 832 1838 Deum
891 1799 1016 1839 esse
1075 1801 1176 1839 ens
1234 1779 1565 1838 universale
1610 1798 1713 1838 seu
1757 1777 2151 1856 indefinitum,
2214 1777 2371 1857 quod

19 1890 153 1934 §sese
199 1876 636 1939 determinando
683 1880 995 1940 constituat
1038 1900 1232 1939 rerum
1276 1878 1713 1938 universitatem
1756 1877 1819 1936 in
1860 1898 2102 1957 genera,
2153 1879 2371 1959 species

20 1975 103 2036 net«
129 1976 430 2039 individua
476 1981 804 2041 distinctam
816 2001 832 2060 ‘3
881 1981 1189 2042 anathema
1232 1981 1321 2040 sit.

64 2078 73 2150 ]
206 2081 258 2138 5.
325 2080 386 2140 81
433 2082 560 2161 quis
615 2103 733 2143 non
777 2084 1144 2162 confiteatur,
1209 2082 1521 2161 mundum,
1570 2101 1779 2161 resque
1828 2080 2056 2160 omneS,
2119 2103 2268 2162 quae
2310 2082 2373 2142 in

16 2199 97 2240 :eo
153 2183 542 2263 continentur,
605 2191 662 2245 et
704 2185 1033 2265 spirituales
1079 2191 1136 2244 et
1190 2184 1544 2263 materialeS,
1609 2183 1926 2244 secundum
1980 2189 2161 2244 totam
2209 2204 2374 2244 suam

31 2284 413 2346 substantiam
457 2307 492 2345 a
534 2286 661 2346 Deo
708 2307 781 2347 ex
823 2283 1007 2347 nihilo
1055 2307 1179 2347 esse
1225 2287 1564 2366 productas;

202 2392 301 2444 aut
358 2386 550 2446 Deum
611 2387 823 2447 dixerit
883 2408 1002 2447 non
1060 2388 1358 2447 voluntate
1427 2389 1498 2448 ab
1559 2389 1717 2447 omni
1774 2386 2119 2448 necessitate
2170 2385 2370 2465 libera,

33 2486 133 2549 sed
175 2493 298 2548 tam
340 2489 664 2550 necessario
712 2510 964 2568 creasse,
1014 2510 1189 2569 quam
1231 2489 1556 2549 necessario
1603 2496 1760 2549 amat
1805 2489 2093 2569 seipsum3

203 2595 305 2648 aut
359 2590 641 2650 mundum
701 2591 774 2650 ad
833 2590 944 2650 Dei
1003 2590 1248 2668 gloriam
1309 2590 1601 2649 conditum
1659 2611 1784 2651 esse
1829 2590 2164 2669 negaverit;
2234 2607 2371 2648 ana-

23 2688 230 2750 thema
273 2691 364 2751 sit.

1160 2836 1242 2895 ΙΙ.

913 2962 1005 3033 De
1050 2960 1482 3033 Revelatione.

216 3119 267 3177 1.
331 3117 393 3177 81
439 3117 565 3197 quis
611 3117 851 3198 dixerit,
912 3119 1103 3179 Deum
1147 3140 1329 3179 unum
1388 3124 1443 3178 et
1486 3137 1717 3195 verum,
1768 3115 2103 3175 Creatorem
2149 3122 2205 3176 et
2248 3115 2369 3176 Do-

26 3217 258 3296 minum
303 3226 580 3298 nostrum,
629 3239 734 3298 per
779 3240 872 3298 ea,
923 3241 1069 3300 quae
1114 3221 1265 3280 facta
1311 3226 1468 3298 sunt,
1515 3217 1768 3278 naturali
1813 3217 2052 3277 rationis
2082 3218 2373 3278 humanae

46 3316 255 3382 lumine
300 3325 452 3380 certo
497 3318 765 3396 cognosci
800 3339 917 3378 non
960 3341 1158 3399 posse,
1207 3320 1519 3380 anathema
1563 3319 1653 3377 sit.

217 3423 271 3480 2.
333 3419 395 3479 81
441 3420 569 3500 quis
601 3419 834 3498 dixerit,
898 3421 1022 3480 fieri
1061 3442 1180 3481 non
1223 3441 1423 3502 posse,
1488 3428 1588 3480 aut
1631 3442 1743 3482 non
1795 3421 2098 3500 expedire,
2161 3428 2226 3481 ut
2266 3441 2374 3501 per

50 3521 450 3582 revelationem
493 3522 748 3581 divinam
791 3521 961 3581 homo
1001 3523 1070 3582 de
1100 3523 1244 3601 Deo,
1293 3523 1564 3601 cultuque
1598 3523 1649 3581 ei
1679 3522 2004 3582 exhibendo
2039 3522 2370 3602 edoceatur,

44 3622 350 3683 anathema
393 3623 484 3682 sit.

99 3720 104 3726 ’
219 3725 274 3782 3.
338 3724 399 3784 81
443 3725 570 3803 quis
617 3723 856 3803 dixerit,
918 3724 1211 3785 hominem
1267 3725 1342 3784 ad
1400 3724 1788 3803 cognitionem
1845 3731 1901 3785 et
1941 3725 2368 3805 perfectionem,

47 3842 195 3902 quae
238 3825 559 3885 naturalem
603 3831 863 3904 superet,
928 3825 1204 3887 divinitus
1265 3826 1433 3887 evehi
1478 3846 1596 3904 non
1641 3845 1837 3906 posse,
1900 3827 2000 3886 sed
2056 3846 2129 3886 ex
2183 3825 2372 3905 seipso

47 3926 122 3985 ad
165 3925 349 3985 omnis
393 3926 629 3985 tandem
671 3927 794 3986 veri
838 3933 895 3987 et
937 3927 1074 3987 boni
1114 3928 1537 4007 possessionem
1574 3926 1706 4005 jugi
1749 3925 2008 4006 profectu
2046 3926 2374 4006 pertingere

35 4045 217 4107 lposse
262 4031 319 4086 et
363 4025 598 4105 debere3
645 4027 957 4088 anathema
996 4028 1085 4087 sit.

121 4121 245 4161 Cone.
272 4122 409 4161 Votio.
1889 4127 1943 4167 12
