2540 4282
171 171 229 221 14
688 206 691 209 -
1214 174 1448 228 Syllabus.

511 320 669 367 Alloc.
702 319 955 381 Sinqulari
987 317 1198 378 quadam
1234 317 1278 363 9.
1316 315 1590 364 decembris
1629 318 1766 364 1854.

510 399 667 446 Alloc.
701 396 869 444 Multis
897 395 1212 458 yravibusquc
1250 397 1324 442 17.
1360 395 1634 443 decembris
1673 397 1810 444 1860.

512 478 672 526 Alloc.
706 474 927 522 Maxima
962 474 1150 536 quidem
1184 475 1229 520 9.
1256 473 1386 536 junii
1419 475 1560 522 1862.

343 609 484 670 XX.
560 608 962 669 Ecclesiastica
1028 614 1281 688 potestas
1351 628 1516 667 suam
1585 608 1982 669 auctoritatem
2051 630 2315 678 exercere
2381 632 2502 712 11011

172 713 342 772 debet
390 713 605 789 absque
649 709 835 769 civilis
866 709 1147 788 gubernii
1190 709 1361 769 venia
1404 715 1462 767 et
1506 728 1763 769 assensu.

517 822 676 870 Alloc.
710 822 930 870 Meminit
962 823 1281 884 unusquisque
1315 824 1392 869 30.
1429 820 1722 882 septembris
1762 823 1899 871 1861.

339 961 511 1021 XXI.
573 960 834 1021 Ecclesia
877 932 996 1022 non
1038 961 1212 1020 habet
1255 966 1601 1040 potestatem
1639 960 1962 1039 dogmatice
1994 962 2319 1043 definiendi,
2367 935 2519 1024 reli·->

171 1067 399 1146 gionem
446 1065 761 1125 catholicae
806 1063 1099 1123 Ecclesiae
1146 1081 1270 1122 esse
1315 1060 1481 1120 unice
1524 1081 1723 1121 veram
1768 1061 2162 1141 religionem..

517 1177 633 1224 Litt.
670 1178 848 1239 Apost.
881 1175 1170 1236 Multiplices
1202 1175 1327 1220 inter
1365 1175 1438 1221 10.
1469 1173 1598 1235 junii
1636 1174 1774 1222 1851.

343 1318 549 1377 ΧΧΠ.
621 1315 945 1394 Obligatio⁷
1011 1334 1127 1393 qua
1184 1312 1451 1373 catholici
1493 1313 1759 1393 magistri
1811 1320 1867 1374 et
1916 1315 2224 1395 scriptores
2268 1317 2502 1390 omnino

172 1412 624 1497 adstringuntur,
675 1422 994 1476 coarctatur
1036 1415 1098 1473 in
1141 1414 1212 1473 iis
1254 1419 1510 1493 tantum,
1561 1434 1711 1494 quae
1757 1416 1830 1474 ab
1875 1415 2167 1476 infallibili
2210 1393 2502 1478 Ecclesiae

163 1519 383 1598 judicio
425 1518 607 1577 veluti
649 1515 783 1575 fidei
829 1515 1103 1593 dogmata
1147 1514 1220 1572 ab
1268 1513 1532 1574 omnibus
1578 1516 1862 1576 credenda
1907 1524 2327 1596 proponuntur.
2516 1526 2518 1529 ’

515 1630 675 1693 Epist.
712 1628 776 1676 ad
809 1627 1039 1690 Archiep.
1074 1626 1291 1689 Frising.
1333 1626 1463 1675 Tuas
1497 1627 1691 1677 libenter
1727 1631 1803 1677 21.
1842 1628 2114 1678 decembris
2150 1633 2289 1680 1863.
2357 1681 2361 1683 ,

341 1771 577 1831 XXIII.
647 1768 901 1830 Romani
944 1766 1254 1827 Pontifices
1315 1773 1373 1827 et
1417 1767 1676 1828 Concilia
1721 1770 2086 1830 oecumenica
2142 1790 2178 1829 a
2221 1769 2502 1831 limitibus

171 1893 307 1934 suae
344 1871 644 1953 potestatis
690 1875 1076 1947 recesserunt,
1119 1870 1256 1947 jura
1296 1867 1632 1948 Principum
1659 1876 2057 1950 usurparunt,
2107 1877 2283 1950 atque
2326 1863 2530 1933 etiam-

169 1974 232 2033 in
274 1974 461 2044 rebus·
486 1971 620 2032 fidei
666 1977 722 2031 et
765 1990 991 2029 morum
1037 1969 1377 2029 definiendis
1422 1976 1702 2029 errarunt.

151 2056 155 2059 ἢ
510 2084 626 2131 Litt.
659 2085 834 2147 Apost.
871 2082 1160 2143 Multiplices
1192 2083 1319 2129 inter
1357 2083 1429 2129 10.
1456 2082 1585 2144 junii
1623 2084 1760 2131 1851.

98 2305 99 2309 Ἰ
342 2226 572 2286 XXIV.
639 2225 902 2285 Ecclesia
951 2225 1039 2284 vis
1085 2222 1417 2284 inferendae
1477 2231 1823 2305 potestatem
1877 2246 1994 2285 non
2043 2225 2248 2306 habet,
2312 2219 2501 2307 neque

171 2335 515 2409 potestatem
559 2328 739 2387 ullam
781 2325 1159 2406 temporalem
1205 2326 1481 2385 directam
1525 2326 1620 2386 vel
1663 2325 2017 2386 indirectam.

514 2442 632 2488 Litt.
663 2440 840 2502 Apost.
873 2438 957 2486 Ad
991 2439 1279 2500 apostolicae
1313 2439 1390 2485 22.
1428 2438 1628 2500 augusti
1666 2439 1804 2487 1851.

339 2581 540 2641 XXV.
609 2581 848 2642 Praeter
906 2585 1250 2660 potestatem
1315 2578 1674 2658 episcopatui
1733 2577 2167 2659 inhaerentem,
2238 2579 2355 2653 alia
2415 2566 2502 2641 est

173 2683 445 2742 attributa
487 2683 820 2762 temporalis
864 2688 1119 2761 potestas
1171 2701 1206 2740 a
1250 2679 1405 2739 civili
1447 2680 1689 2758 imperio
1736 2679 1828 2738 vel
1873 2699 2147 2758 expresse
2191 2679 2285 2741 vel
2326 2681 2500 2794 tacite

170 2803 461 2860 concessa
502 2783 826 2842 revocanda
870 2788 1199 2862 propterea,
1250 2802 1381 2840 cum
1423 2781 1682 2860 libuerit,
1733 2801 1768 2840 a
1813 2780 1967 2839 civili
2006 2781 2267 2861 imperiO.
2374 2788 2376 2790 ’

512 2894 630 2940 Litt.
666 2895 841 2956 Apost.
873 2894 956 2941 Ad
989 2894 1276 2955 apostolicae
1311 2895 1387 2941 22.
1426 2894 1627 2956 augusti
1666 2896 1803 2943 1851.

343 3033 574 3093 XXVI.
644 3033 902 3093 Ecclesia
960 3056 1077 3095 non
1135 3035 1311 3095 habet
1369 3035 1630 3094 nativum
1687 3055 1753 3094 ac
1798 3034 2120 3113 legitimum
2155 3036 2254 3115 jus
2298 3036 2495 3116 acqui-

175 3133 338 3193 rendi
383 3153 449 3194 ac
497 3134 845 3213 possidendi.
2163 3132 2166 3133 ⁷

514 3247 669 3294 Alloc.
706 3246 963 3309 Nunquam
986 3249 1107 3309 fore
1145 3250 1217 3296 15.
1256 3247 1527 3295 decembris
1567 3250 1705 3296 1856.

494 3326 670 3388 Epist.
710 3327 890 3389 encycl.
923 3326 1203 3374 Incredibili
1238 3328 1310 3374 17.
1345 3326 1633 3389 septembris
1674 3330 1810 3375 1863.

346 3463 607 3523 XXVII.
655 3466 811 3525 Sacri
856 3466 1147 3526 Ecclesiae
1191 3467 1441 3526 ministri
1479 3425 1892 3545 Romanusque
1925 3465 2196 3534 Pontifex
2235 3468 2309 3528 ab
2340 3467 2538 3568 omni

177 3584 368 3666 rerum
407 3566 808 3643 temporalium
853 3588 989 3627 cura
1032 3587 1099 3626 ac
1145 3568 1398 3635 dominio
1446 3573 1579 3626 sunt
1625 3566 1855 3626 omnino
1902 3566 2260 3626 excludendi.

516 3677 674 3723 Alloc.
707 3674 926 3725 Maxima
960 3680 1146 3740 quidem
1182 3680 1225 3725 9.
1257 3677 1386 3740 junii
1424 3681 1562 3728 1862.

347 3807 640 3868 XXVHI.
699 3794 1017 3889 Episcopis
1068 3812 1190 3871 sine
1236 3811 1520 3872 Gubernii
1564 3813 1747 3890 venia,
1795 3810 1880 3870 fas
1926 3830 2042 3870 non
2086 3818 2172 3871 est
2212 3811 2352 3871 vel
2336 3830 2524 3914 lpsas

177 3908 520 3988 apostolicas
562 3910 778 3968 litteias
823 3910 1207 3988 p.romulgare
1280 3959 1282 3961 .
2236 3927 2238 3929 ’

519 4021 676 4068 Alloc.
711 4020 971 4084 Nunquam
993 4023 1110 4083 fore
1144 4024 1217 4070 15.
1255 4022 1523 4071 decembris
1562 4015 1697 4072 1856.
