2540 4282
0 0 116 116 jesr-

10 71 23 87 ῑ
55 64 82 92 ,ι’

391 121 543 166 Sermo
574 120 756 162 habitus
790 120 844 160 ab
876 119 1086 174 Archiep.
1118 121 1338 161 Iconicnsi
1370 122 1397 159 i.
1430 133 1470 172 p.
1503 122 1530 159 i.
1565 92 2066 162 Puecher-Passavalli.
2308 112 2394 164 149

0 249 228 333 “votas
279 270 400 333 quia
449 265 726 332 plorabitis
770 270 821 317 et
862 264 1052 332 flebitis
1106 280 1220 330 vos
1270 265 1498 316 mundus
1538 269 1711 316 autem
1749 264 2019 330 gaudebit
2071 279 2164 316 vos
2221 269 2394 318 autem

0 353 529 421 ,contrastabzmzm
576 353 672 404 sed
712 355 926 404 tristitia
965 356 1139 404 vestra
1178 356 1405 402 vertetur
1441 354 1497 402 in
1534 351 1799 415 =caudium.
1830 349 1947 416 (JO.
1984 348 2140 417 XVI,
2180 352 2286 418 20.)

0 448 83 536 ἢ,
205 437 395 506 Neque
424 437 752 506 exspectatio
775 436 938 502 haec,
979 435 1228 505 equidem
1255 434 1442 502 cred0,
1482 435 1595 488 Vos
1620 435 1795 503 fallet,
1833 436 1877 487 si
1911 436 2103 488 mentis
2134 438 2303 491 aciem
2338 439 2394 492 in

0 521 391 597 *proposltum
430 524 648 591 hujusce
689 522 1012 575 oecumenici
1052 521 1274 574 Concilii
1325 521 1513 588 finem,
1568 523 1658 590 qui
1711 522 1766 573 in
1804 521 1985 574 divina
2021 522 2195 592 gloria
2233 529 2393 594 atque

0 610 279 665 aeterna
319 610 617 661 animarum
656 610 827 661 salute
863 612 1007 686 totus
1044 607 1308 675 consistit,
1340 608 1545 677 jugiter
1583 608 1949 678 intendamus;
1990 610 2034 661 si
2070 609 2203 662 illud
2228 613 2393 680 potis-

10 696 253 749 simum
292 682 620 765 satagemus
659 699 719 747 ut
756 694 858 746 hoc
894 683 1071 765 ipsum
1109 710 1180 762 erg
1216 697 1321 761 tot,
1363 711 1499 764 quae
1538 695 1829 747 venerandi
1866 714 1926 748 ac
1951 696 2281 766 magnanimi
2307 697 2395 751 Pii

0 720 288 869 {ssfrontem
327 785 615 848 exornant,
664 798 878 850 gemma
929 779 1167 832 omnium
1214 778 1643 849 splendidissima
1682 780 1896 850 evadat,
1947 783 1990 833 si
2028 781 2259 852 denique
2296 783 2395 837 Eo·

2 853 251 923 clesiae
301 867 426 920 fasti
471 871 808 937 posterorum
856 851 1144 918 memoriae
1182 869 1438 934 poterunt
1485 865 1772 934 aliquando
1812 867 1988 919 aureis
2024 868 2215 921 litteris
2253 887 2394 923 com·

0 951 18 1026 ,ζ
51 955 342 1022 mendare,
399 954 700 1007 animorum
756 970 971 1023 pacem,
1035 951 1421 1021 cogitationum
1471 950 1841 1012 concordiam,
1898 958 2210 1023 coeptorum
2261 961 2395 1010 tem-

0 1029 5 1073 ¹¹
56 1042 384 1113 perantiam,
423 1040 811 1093 discussionum
836 1038 1168 1108 dignitatem,
1199 1037 1386 1106 judicii
1412 1038 1741 1107 aequitatem
1762 1043 1921 1108 atque
1948 1039 2395 1096 deliberationum

0 1118 298 1200 ἰᾗοιιιιιίιιιιι
347 1127 688 1198 sapientiam,
742 1125 1149 1178 Venerabilium
1197 1124 1422 1176 Patrum
1475 1124 1638 1176 corda
1682 1142 1745 1177 ac
1794 1130 1999 1178 mentes
2051 1134 2221 1197 usque
2258 1129 2394 1184 adeo

0 1215 286 1285 '‚rexisse,
334 1220 394 1267 ut
442 1231 579 1283 quae
628 1212 782 1264 nobis
830 1216 973 1263 retro
1015 1212 1214 1280 januae
1253 1210 1605 1279 clauduntur,
1655 1229 1820 1281 quum
1840 1212 2052 1264 ‘iterum
2088 1221 2394 1270 reserentur

39 1300 178 1355 ‘orbi
228 1301 478 1353 universo
547 1299 974 1352 renuntiaturae:
1043 1299 1214 1351 Visum
1280 1303 1360 1350 est
1413 1299 1631 1365 Spiritui
1686 1300 1876 1353 Sancto
1932 1306 1984 1353 et
2034 1301 2198 1355 Nobis
2249 1301 2392 1370 (Act.

44 1380 184 1454 XV,
224 1386 356 1454 28),
395 1391 538 1439 terra
575 1387 690 1455 ipsa
739 1384 954 1437 demum
1003 1384 1256 1436 creatoris
1295 1382 1525 1453 Spiritus
1563 1384 1853 1454 impulsum
1889 1387 2236 1456 praesentiat,
2286 1407 2392 1459 quo

47 1467 115 1526 'se
153 1472 457 1542 plenissime
494 1476 805 1525 renovatam
844 1476 1121 1540 agnoscat,
1161 1469 1455 1523 secundum
1491 1470 1650 1522 illud:
1706 1472 1921 1526 Emittes
1957 1478 2202 1542 spiritum
2239 1482 2392 1545 tuum,

53 1565 111 1612 et
144 1559 479 1626 creabuntur
519 1565 570 1612 et
601 1559 882 1612 renovabis
913 1555 1113 1623 factem
1151 1564 1336 1610 terrae.
1375 1556 1485 1623 (Ps.
1524 1555 1673 1625 CIII,
1712 1558 1818 1625 30.)
2158 1572 2168 1576 ·

204 1644 354 1706 Quae
392 1644 630 1714 quidem,
683 1644 1004 1714 adprecante
1052 1644 1367 1714 praesertim
1418 1643 1576 1696 beata
1625 1662 1688 1697 ac
1739 1645 1972 1715 gloriosa
2023 1665 2235 1718 semper
2271 1649 2394 1703 Vir-

34 1715 183 1801 gine
235 1731 430 1800 Maria,
496 1732 644 1800 cujus
706 1730 867 1783 hodie
923 1730 1306 1782 Immaculatae
1362 1729 1737 1800 Conceptionis
1803 1734 2117 1803 mysterium
2182 1753 2392 1790 summa

33 1818 220 1869 totius
278 1817 463 1869 mundi
515 1818 845 1871 exultatione
898 1816 1224 1883 celebratur,
1283 1815 1575 1869 concedere
1629 1816 1882 1887 dignetur
1934 1821 2181 1873 omnibus
2237 1823 2393 1875 nobis

50 1907 306 1957 aeternus
343 1903 447 1957 Dei
484 1905 676 1972 Filius,
731 1903 994 1956 Dominus
1048 1920 1110 1955 ac
1156 1902 1488 1972 Redemptor
1535 1909 1715 1957 noster
1768 1905 2011 1958 Christus
2065 1907 2247 1977 JesuS,
2300 1909 2394 1980 qui

22 1990 178 2044 <cum
230 1992 394 2044 Patre
449 1996 501 2044 et
554 1991 756 2061 Spiritu
811 1988 1004 2042 Sancto
1044 1989 1178 2041 vivit
1231 1993 1283 2042 et
1342 1992 1531 2059 regnat
1586 1990 1642 2042 in
1694 1997 1981 2062 perpetuas
2034 1996 2394 2049 aeternitates.

0 2108 3 2110 -
56 2078 250 2131 Amen.
