2540 4282
150 177 218 228 54
749 182 948 223 Litterae
979 180 1264 235 Apostolicae
1295 178 1375 221 SS.
1405 179 1462 220 D.
1493 180 1550 220 N.
1581 179 1651 220 Pii
1679 180 1772 221 PP.
1803 180 1890 222 IX.

1215 515 1407 583 VIII.

153 687 660 750 SANCTISSIMI
703 685 1002 746 DOMINI
1053 686 1112 745 N
1116 685 1355 746 OSTRI
1398 685 1514 745 PH
1567 685 1865 745 DIVINA
1909 685 2484 747 PROVIDENTIA
2512 668 2540 741 1⁴

1091 792 1366 852 PAPAE
1412 793 1524 852 IX.
2439 827 2442 831 ·

678 940 1199 1034 LITTERAE
1259 939 1952 1034 APOSTOLIOAE

1273 1129 1338 1160 AD

313 1244 560 1300 OMNES
598 1217 1000 1298 EPISCOPOS
1039 1239 1559 1296 ECCLESIARUM
1596 1239 1818 1294 RITUS
1859 1238 2309 1294 ORIENTALIS

531 1392 936 1432 COMMUNIONEM
967 1390 1079 1430 CUM
1108 1388 1445 1427 APOSTOLIOA
1476 1387 1612 1425 SEDE
1642 1388 1756 1426 NON
1784 1388 2081 1427 HABENTES.

285 1671 498 1722 Arcano
536 1668 766 1722 Divinae
804 1670 1182 1723 Providentiae
1221 1669 1467 1736 oonsilio,
1519 1669 1643 1721 licet
1682 1669 1795 1721 sine
1832 1669 1954 1721 ullis
2007 1669 2210 1722 meritis
2246 1670 2478 1745 Nostris,

143 1756 199 1808 in
250 1755 351 1808 hac
400 1755 612 1808 sublimi
651 1756 917 1809 Cathedra
967 1755 1226 1809 haeredes
1262 1757 1565 1808 Beatissimi
1603 1755 1988 1826 Apostolorum
2036 1741 2300 1827 Principis
2351 1774 2476 1809 con·
2527 1771 2530 1774 ·

144 1841 346 1909 stituti,
385 1843 475 1912 qui
501 1846 662 1908 juxta
696 1848 1126 1911 praeroqativam
1165 1843 1268 1896 sibi
1305 1859 1338 1896 a
1375 1842 1487 1896 Dco
1526 1859 1834 1897 concessam
1867 1843 2021 1909 firma
2061 1849 2112 1896 et
2145 1845 2488 1897 solidissima
2518 1840 2520 1843 ’

139 1934 294 1996 petra
332 1935 423 1995 cst,
462 1945 622 1997 super
660 1946 815 1996 quam
844 1931 1087 1983 Salvator
1114 1929 1408 1982 Ecclesiam
1447 1929 1796 1996 aedificaviffi,
1834 1929 2070 2000 impositi
2095 1929 2266 1982 Nobis
2298 1930 2477 1999 oneris

144 2013 498 2079 sollicitudine
535 2019 778 2084 urgente,
817 2015 886 2068 ad
925 2032 1014 2068 eos
1053 2033 1236 2067 omnes
1273 2015 1327 2067 in
1367 2015 1606 2084 qualibet
1642 2021 1908 2068 terrarum
1936 2016 2094 2069 Orbis
2126 2016 2345 2086 regione
2383 2014 2476 2068 de-

143 2104 345 2171 gentes,
383 2101 475 2170 qui
513 2101 799 2154 christiano
826 2102 1039 2154 nomine
1067 2105 1364 2168 censentur,
1403 2119 1557 2154 curas
1581 2103 1804 2156 Nostras
1835 2102 2141 2170 extendere,
2182 2117 2476 2171 omnesque

142 2186 212 2239 ad
247 2190 503 2257 paternae
542 2188 774 2240 caritatis
812 2189 1092 2259 amplexus
1131 2189 1365 2241 excitare
1408 2187 1865 2240 vehementissime
1915 2187 2155 2257 cupimus
2209 2190 2262 2239 et
2315 2203 2473 2238 cona-

141 2290 276 2325 mur.
349 2273 462 2326 Nec
498 2290 624 2325 vero
662 2273 864 2344 absque
902 2275 1054 2344 gravi
1092 2275 1300 2326 animae
1338 2273 1566 2326 Nostrae
1604 2273 1841 2343 periculo
1881 2279 2086 2343 partem
2122 2272 2288 2325 ullam
2330 2262 2508 2325 ‘chri-⁷

143 2358 300 2411 stiani
336 2359 522 2429 populi
557 2360 831 2429 negligere
868 2378 1173 2430 possumuS,
1228 2360 1320 2430 qui
1370 2360 1750 2430 pretiosissimo
1790 2359 2081 2412 Salvatoris
2117 2358 2302 2412 Nostri
2339 2352 2475 2423 San-

141 2445 305 2515 guine
341 2445 649 2515 redemptus
701 2449 754 2499 et
807 2446 969 2498 sacris
1008 2447 1259 2516 baptismi
1296 2446 1448 2516 aquis
1483 2447 1538 2497 in
1576 2445 1918 2498 Dominicum
1954 2463 2176 2516 gregem
2214 2443 2473 2510 adlectUS,

143 2547 354 2583 omnem
390 2531 491 2583 sibi
528 2531 861 2600 vigilantiam
897 2533 1150 2585 Nostram
1194 2534 1316 2602 jure
1373 2534 1625 2603 deposcit.
1699 2533 1891 2603 Itaque
1946 2550 2066 2584 011111
2119 2532 2174 2583 111
2233 2529 2472 2582 omnium

141 2615 531 2685 procurandam
569 2617 819 2686 salutem,
872 2619 963 2688 qui
1000 2617 1269 2671 Christum
1308 2619 1343 2672 J
1347 2637 1496 2672 esum
1543 2624 1839 2689 agnoscunt
1891 2623 1943 2672 et
1990 2618 2240 2685 adorant,
2293 2615 2471 2669 studia

143 2701 320 2753 omnia
364 2689 836 2772 'cogitationesque
887 2706 941 2760 N
945 2709 1113 2759 ostras
1173 2706 1535 2759 indesinenter
1599 2706 1837 2759 conferre
1902 2704 2221 2771 debeamuS,
2288 2702 2474 2754 oculos
2535 2745 2539 2749 .

141 2785 367 2840 Nostros
403 2806 465 2840 30
502 2794 784 2859 paternum
820 2792 1057 2843 animum
1108 2792 1176 2845 ad
1222 2793 1350 2845 istas
1405 2793 1761 2845 convertimus
1800 2791 2096 2857 EcclesiaS,
2150 2806 2286 2859 quae
2342 2788 2470 2841 olim
2506 2799 2540 2845 s

140 2873 359 2926 unitatis
405 2875 618 2928 vinculo
668 2894 786 2928 oum
838 2877 940 2930 hac
977 2876 1288 2947 Apostolica
1341 2878 1478 2931 Sede
1532 2878 1926 2948 conglutinatae
1976 2881 2125 2929 tanta
2178 2873 2476 2928 sanctitatis

141 2959 460 3030 caelestique
497 2960 768 3014 doctrinae
805 2962 962 3015 laude
1013 2963 1301 3031 florebant,
1351 2964 1647 3034 uberesque
1698 2963 1908 3016 divinae
1940 2963 2142 3032 gloriae
2182 2965 2238 3034 et·
2271 2958 2474 3015 anima·

141 3062 260 3098 rum
298 3045 482 3098 salutis
518 3046 722 3100 fructus
761 3048 1017 3116 edebant,
1069 3067 1211 3102 nunc
1248 3067 1374 3103 vero
1413 3067 1509 3120 per
1547 3050 1776 3103 nefarias
1814 3050 1957 3101 illius
1996 3053 2136 3101 artes
2173 3065 2236 3100 ac
2272 3045 2473 3120 machi·

140 3132 380 3183 nationes
418 3132 509 3202 qui
547 3134 777 3202 primum
829 3134 1058 3187 schisma
1104 3136 1358 3188 excitavit
1409 3136 1463 3187 in
1518 3138 1693 3204 coe10,
1749 3155 1781 3189 a
1835 3136 2202 3189 communione
2240 3134 2469 3187 Sanctae

141 3214 415 3270 Romanae
452 3218 739 3287 Ecclesiae,
778 3237 914 3289 quae
951 3224 1063 3273 toto
1104 3221 1233 3274 orbe
1271 3221 1463 3275 diffusa
1501 3227 1606 3292 est,
1661 3224 1932 3292 sejunctae
1985 3241 2047 3276 ac
2099 3221 2299 3275 divisae
2348 3237 2469 3272 cum

141 3319 346 3354 summo
384 3302 579 3356 Nostro
616 3322 858 3358 moerore
897 3307 1146 3359 existunt.

283 3387 401 3439 Hac
440 3407 565 3442 sane
603 3390 670 3443 de
709 3408 868 3444 causa
897 3393 1010 3461 jam
1062 3394 1130 3446 ab
1185 3395 1300 3465 ipso
1341 3395 1587 3465 Supremi
1625 3396 1810 3449 Nostri
1846 3394 2197 3447 Pontificatus
2244 3390 2468 3444 exordio

140 3471 312 3526 Vobis
348 3475 492 3543 pacis
539 3477 878 3547 caritatisque
927 3479 1093 3532 verba
1142 3485 1254 3532 toto
1304 3482 1477 3534 cordis
1530 3482 1725 3534 affectu
1776 3480 1982 3551 loquuti
2039 3496 2220 3530 sumus
2241 3475 2277 3529 ².
2351 3474 2469 3530 Etsi
2535 3464 2540 3469 ⁸

107 3575 267 3612 ·vero
314 3558 446 3611 haec
482 3560 678 3613 Nostra
714 3562 878 3615 verba
918 3565 1307 3634 optatissimum
1359 3568 1577 3620 minime
1625 3566 1952 3635 obtinuerint
2004 3566 2236 3633 exitum,
2287 3567 2467 3615 tamen

91 3667 93 3669 ¹
139 3661 413 3713 nunquam
449 3645 560 3696 Nos
598 3644 829 3699 deseruit
867 3667 1010 3719 speS,
1063 3651 1175 3704 fore
1231 3656 1291 3703 ut
1337 3652 1566 3707 humiles
1616 3670 1784 3722 aeque
1829 3669 1891 3704 30
1942 3652 2206 3704 ferventes
2242 3650 2471 3717 Nostrae

140 3745 325 3812 preces
361 3730 622 3799 propitius
658 3733 912 3786 exaudire
953 3735 1203 3806 dignetur
1243 3737 1683 3791 clementissimus
1721 3754 1782 3790 30
1820 3737 2229 3806 benignissimus
2272 3735 2470 3810 ⁴salutis
2525 3727 2530 3773 Ῐ

255 3955 270 3981 ¹
306 3954 349 3998 S.
383 3955 514 4010 Greg.
547 3958 685 4010 Nyss.
717 3954 924 3999 Laudatio
954 3958 1094 3999 altera
1124 3958 1166 4000 S.
1198 3956 1335 4014 Steph.
1366 3961 1622 4003 Protomart.
1654 3960 1771 4015 apud
1799 3958 1992 4003 Galland.
2023 3963 2106 4017 VI,
2139 3964 2235 4004 600.

258 4025 275 4053 ²
310 4029 452 4082 Epist.
489 4029 544 4070 ad
576 4031 744 4072 Orient.
779 4027 832 4070 In
862 4040 1075 4083 suprema,
1107 4033 1178 4073 die
1209 4035 1248 4074 6.
1275 4034 1485 4089 januarii,
1520 4049 1586 4077 an.
1624 4037 1750 4077 1848.
