2540 4282
167 159 230 211 50
670 154 672 157 ’
1069 164 1203 206 Β11110
1234 162 1592 207 Convocationis.

173 308 416 361 omnibus
456 307 710 374 divexati,
749 311 801 359 et
837 306 1143 375 Religiosae
1179 306 1440 359 Familiae
1479 307 1775 376 extinctae,
1813 313 1867 360 et
1903 309 2053 380 impii
2093 311 2263 363 omnis
2295 312 2534 381 generis'

171 394 311 463 libri,
349 411 410 446 ac
447 393 728 463 pestiferae
768 390 1150 461 ephemerideS,
1189 397 1242 444 et
1267 392 1620 446 multiformes
1646 395 2123 464 perniciosissimae
2155 401 2330 450 sectae
2353 397 2509 450 undi-

173 498 276 551 que
316 480 553 547 diffusae,
593 484 645 531 et
682 478 906 530 miserae
936 478 1234 546 juventutis
1272 479 1532 532 institutio
1572 481 1772 551 ubique
1809 481 1920 533 fere
1959 499 1990 533 a
2028 481 2184 534 Clero
2223 488 2417 551 amota,
2455 488 2534 536 etv

173 564 316 635 quod
353 565 503 634 pejus
542 567 645 630 est,
698 579 805 614 non
842 563 1027 632 paucis
1064 564 1119 615 in
1171 564 1301 617 locis
1349 564 1645 635 iniquitatis
1700 571 1752 618 et
1804 566 1998 619 erroris
2046 568 2322 637 magistris⁴
2366 586 2508 622 com-
2532 569 2540 626 s

172 651 346 703 missa.
395 650 535 702 Hinc
575 667 694 701 cum
725 666 930 710 summo
957 649 1155 702 Nostro
1196 655 1248 702 et
1279 651 1543 703 bonorum
1582 651 1817 703 omnium
1851 668 2112 719 moerore,
2152 655 2205 704 et
2229 670 2505 724 nunquam
2534 715 2540 727 ‚.

171 739 296 791 satis
335 737 657 808 deplorando
696 738 994 790 animarum
1033 737 1225 790 damno
1265 738 1464 807 ubique
1502 738 1637 790 adeo
1665 743 1963 808 propagata
1990 743 2070 791 est
2091 738 2354 808 impietaS,
2391 753 2508 792 mo·
2526 738 2538 800 ἦ

172 842 397 895 rumque
452 824 719 893 corruptio
789 829 842 876 et
899 825 1155 877 effrenata
1207 825 1454 892 licentia,
1518 842 1579 876 ac
1641 842 1929 894 pravarum
1985 825 2241 895 cujusque
2290 826 2534 895 generis

175 913 482 982 opinionum
546 911 889 980 omniumque
944 911 1197 963 vitiorum
1262 916 1314 963 et
1375 911 1633 964 scelerum
1700 912 1981 980 contagiO,
2046 910 2350 963 divinarum
2409 910 2533 982 1111-Ι

173 1014 555 1066 manarumque
607 998 787 1067 legum
846 997 1096 1064 violati0,
1164 1002 1224 1049 ut
1285 1015 1392 1049 non
1452 997 1624 1049 solum
1686 998 2015 1049 sanctissima
2065 1001 2248 1049 nostra
2285 997 2536 1067 ‹religiO„

169 1100 356 1135 verum
395 1084 556 1135 etiam
592 1084 827 1135 humana
864 1083 1087 1135 societas
1137 1082 1499 1135 miserandum
1547 1083 1603 1134 in
1652 1082 1874 1134 modum
1920 1084 2264 1154 perturbetur
2317 1101 2390 1137 ac·
2429 1083 2513 1153 di·-

170 1174 410 1222 vexetur.
1920 1167 1930 1171 ⁵

311 1256 378 1308 In
414 1261 562 1309 tanta
600 1257 764 1326 igitur
802 1256 1179 1322 calamitatum,
1219 1255 1413 1325 quibus
1446 1273 1536 1308 cor
1561 1256 1820 1309 Nostrum
1857 1256 2118 1325 obruitur,
2156 1257 2297 1310 mole
2323 1273 2523 1326 supre-⁴

169 1361 315 1395 mum
352 1343 628 1395 Pastorale
668 1343 1018 1395 ministerium
1055 1342 1225 1396 Nobis
1264 1342 1518 1395 divinitus
1571 1344 1909 1396 commissum
1962 1345 2158 1414 exigit,
2213 1349 2274 1397 ut
2323 1329 2534 1396 omnes⁵

168 1429 391 1484 Nostras
437 1430 607 1498 magis
655 1430 932 1499 magisque
979 1447 1287 1481 exseramus
1326 1430 1467 1481 vires
1506 1429 1575 1481 ad
1611 1428 1883 1482 Ecclesiae
1931 1429 2257 1500 reparandas
2309 1430 2507 1498 11111100,

171 1517 240 1570 0(1
277 1517 510 1569 universi
533 1517 799 1569 Dominici
838 1518 1017 1587 gregis
1053 1517 1278 1569 salutem
1318 1517 1623 1585 curandam,
1661 1517 1731 1570 ad
1770 1518 2012 1570 exitiales
2052 1535 2237 1570 eorum
2274 1517 2540 1587 impetus4

171 1607 495 1672 conatusque
532 1603 926 1673 reprimendOS,
980 1604 1071 1674 qui
1109 1605 1280 1674 ipsam
1317 1603 1639 1671 Ecclesiam,
1693 1605 1737 1656 si
1774 1605 1890 1658 fieri
1927 1622 2165 1674 unquam
2201 1607 2406 1674 posset,
2455 1607 2537 1656 et

170 1689 380 1741 civilem
417 1690 724 1742 societatem
761 1690 998 1741 funditus
1038 1695 1279 1743 evertere
1319 1691 1675 1743 connituntur.
1748 1691 1861 1744 Nos
1900 1691 2146 1761 quidem,
2199 1690 2317 1743 Deo
2356 1689 2523 1743 auxi--

168 1775 357 1844 liante,
405 1777 490 1828 vel
528 1777 595 1829 ab
640 1777 756 1846 ipso
795 1777 1030 1846 supremi
1067 1777 1252 1830 Nostri
1288 1777 1638 1830 Pontificatus
1678 1777 1899 1830 exordio
1939 1796 2215 1848 nunquam
2251 1795 2350 1848 pro
2388 1794 2512 1846 gra-

169 1861 372 1914 vissimi
426 1863 610 1915 Nostri
667 1863 824 1914 officii
882 1863 1062 1915 debito
1123 1863 1421 1916 destitimus
1476 1864 1721 1934 pluribus
1774 1865 1984 1917 Nostris
2037 1862 2505 1916 Consistorialibus

168 1946 629 2017 AllocutionibuS,
689 1953 740 2000 01
783 1950 1109 2019 Apostolicis
1146 1949 1365 2001 Litteris
1417 1950 1688 2002 Nostram'
1724 1950 1968 2002 attollere
2019 1967 2232 2018 vocem,
2289 1967 2350 2002 00
2402 1939 2527 2002 Deiv

170 2035 387 2104 ejusque
440 2040 652 2088 sanctae
698 2036 967 2088 Ecclesiae
1024 2053 1239 2088 001100111
1291 2034 1460 2090 Nobis
1514 2055 1545 2088 a
1597 2034 1808 2088 Christo
1856 2036 2088 2089 Domino
2149 2035 2517 2094 concreditam

172 2121 314 2172 omni
350 2120 524 2173 studio
558 2127 861 2175 constanter
885 2122 1185 2189 defendere,
1224 2127 1385 2192 atque
1411 2122 1570 2191 hujus
1597 2121 1939 2191 Apostolicae
1968 2121 2134 2190 Sedis,
2174 2127 2226 2174 et
2268 2123 2508 2191 J'ustitiae

171 2207 516 2278 veritatisque
563 2209 686 2277 jura
740 2226 1107 2279 propugnare,
1163 2214 1215 2261 et
1262 2210 1600 2261 inimicorum
1654 2210 1929 2261 hominum
1980 2208 2199 2261 insidias
2238 2209 2506 2279 detegere,

172 2310 375 2346 errores
421 2294 690 2364 falsasque
741 2296 1009 2349 doctrinas
1056 2295 1334 2364 damnare,
1389 2300 1442 2349 et
1492 2296 1782 2365 impietatis
1821 2301 1990 2348 sectas
2027 2295 2388 2365 proscribere,
2412 2325 2420 2331 ·
2443 2313 2540 2350 ac*-

171 2380 407 2433 universi
443 2381 709 2434 Dominici
746 2383 926 2452 gregis
965 2383 1124 2434 saluti
1161 2383 1457 2452 advigilare
1497 2388 1548 2434 et
1586 2383 1879 2434 consulere.

312 2467 517 2520 Verum
554 2468 850 2521 illustribus
886 2470 1359 2539 praedecessorum
1382 2470 1703 2522 Nostrorum
1739 2468 1980 2538 vestigiis
2019 2467 2374 2535 inhaerentes,
2413 2485 2506 2538 op·
2535 2512 2540 2514 .

170 2557 458 2623 portunum
495 2559 777 2623 propterea
817 2572 931 2607 esse
971 2555 1411 2623 existimavimus,
1449 2556 1505 2607 in
1542 2556 1791 2625 generale
1831 2553 2157 2621 Concilium,
2197 2553 2341 2623 quod
2369 2553 2530 2645 jam-

173 2638 266 2691 diu
302 2640 510 2692 Nostris
549 2645 663 2693 erat
700 2641 756 2692 in
793 2642 948 2709 votiS,
989 2659 1181 2711 cogere
1222 2659 1404 2693 omnes
1428 2640 1780 2694 Venerabiles
1804 2641 2018 2692 Fratres
2057 2640 2220 2691 totius
2260 2620 2530 2693 catholici

174 2725 314 2789 orbis
352 2743 621 2778 sacrorum
658 2728 946 2796 antistites,
1001 2729 1092 2798 qui
1139 2729 1195 2779 in
1234 2727 1605 2781 sollicitudinis
1642 2728 1872 2781 Nostrae
1910 2731 2117 2796 partem
2154 2726 2355 2778 vocati
2367 2731 2527 2779 011111.

175 2810 281 2872 Qui
320 2812 536 2881 quidem
572 2812 922 2865 Venerabiles
959 2814 1176 2867 Fratres
1215 2815 1474 2884 singulari
1523 2816 1579 2867 in
1631 2814 1944 2867 catholicam
1981 2813 2276 2867 Ecclesiam
2323 2818 2530 2871 amore

172 2897 404 2965 incensi,
454 2899 756 2969 eximiaque
795 2917 923 2969 erga
960 2902 1072 2954 Nos
1111 2906 1163 2952 et
1201 2901 1546 2971 apostolicam
1584 2889 1721 2952 hanc
1759 2899 1953 2952 Sedem
1991 2900 2189 2970 pietate
2239 2904 2291 2952 et
2328 2898 2508 2953 obser-

137 3011 139 3013 ·
172 2982 353 3035 vantia
390 2984 640 3053 spectati,
678 3003 740 3038 ac
779 2985 845 3038 de
883 2987 1181 3038 animarum
1220 2987 1390 3039 salute
1429 2987 1601 3054 anxii,
1650 2991 1703 3039 et
1739 2985 2028 3054 sapientia,
2082 2984 2346 3053 doctrina,
2386 2973 2540 3044 eru-„s

120 3089 122 3091 ·
174 3067 373 3121 ditione
411 3075 767 3139 praestantes
801 3076 852 3124 et
889 3091 996 3125 una
1032 3073 1328 3127 Nobiscum
1366 3073 1724 3126 tristissimam
1762 3072 1841 3124 rei
1881 3089 2000 3123 cum
2038 3084 2218 3125 sacrae
2254 3074 2370 3123 tum
2406 3086 2534 3148 pu-

173 3153 342 3207 blicae
379 3155 735 3210 conditionem
773 3159 1006 3212 maxime
1045 3159 1302 3227 dolentes,
1340 3160 1475 3212 nihil
1512 3159 1782 3229 antiquius
1819 3158 2035 3216 habent
2075 3173 2237 3226 quam
2274 3175 2371 3209 sua
2394 3157 2540 3210 No-

173 3238 378 3291 biscum
432 3244 820 3297 communicare
874 3249 926 3297 et
978 3246 1217 3298 conferre
1272 3246 1516 3313 consilia,
1568 3263 1630 3298 ac
1683 3245 1937 3297 salutaria
1983 3248 2062 3295 tot
2114 3242 2533 3296 calamitatibus?

175 3325 431 3380 adhibere
468 3330 720 3382 remedia.
794 3330 861 3382 In
901 3333 1238 3385 oecumenico
1279 3333 1421 3384 enim
1457 3332 1558 3384 hoc
1597 3331 1832 3384 Concilio
1886 3347 1948 3382 ea
1997 3329 2173 3381 omnia
2221 3329 2534 3393 accuratis-

177 3410 308 3463 sime
346 3415 592 3467 examine
630 3422 753 3469 sunt
787 3418 1167 3487 perpendenda
1203 3437 1264 3471 ac
1297 3418 1595 3487 statuenda,
1635 3435 1770 3488 quae
1806 3414 1953 3469 hisce
1985 3415 2298 3484 praesertim
2323 3404 2531 3492 asper-j}

176 3496 324 3548 rimis
349 3501 677 3568 temporibus
702 3505 959 3571 majorem
982 3504 1085 3556 Dei
1108 3505 1351 3574 gloriam,
1389 3509 1443 3557 et
1467 3504 1593 3557 fidei
1615 3504 1991 3573 integritatem,
2031 3500 2304 3570 divinique
2328 3502 2534 3570 cultus}

177 3580 438 3651 decorem,
475 3588 954 3659 sempiternamque
993 3590 1271 3642 hominum
1308 3591 1549 3658 salutem,
1590 3594 1643 3643 et
1678 3589 1955 3658 utriusque
1982 3586 2122 3639 Cleri
2149 3574 2535 3658 disciplinamj}

178 3669 395 3739 ejusque
434 3671 719 3724 salutarem
757 3675 1086 3745 solidamque
1126 3677 1419 3745 culturam,
1471 3681 1634 3746 atque
1672 3673 2149 3729 ecclesiasticarum
2185 3673 2367 3742 legum
2405 3662 2537 3740 oba-²:

177 3757 497 3809 servantiam
521 3775 832 3828 morumque
859 3761 1299 3830 emendationem,
1339 3767 1391 3814 et
1417 3762 1756 3814 christianam
1773 3759 2070 3828 juventutis
2094 3721 2540 3841 institutionemr}

177 3845 230 3893 et
268 3858 602 3896 communem
637 3847 874 3898 omnium
910 3864 1097 3916 pacem
1135 3852 1187 3900 et
1227 3848 1562 3900 concordiam
1606 3848 1662 3898 in
1707 3846 1891 3916 primis
1939 3845 2244 3915 respiciunt.
2316 3841 2534 3921 Atque3

177 3927 338 3980 0110111
375 3930 725 3984 intentissimo
766 3933 939 3985 studio
980 3933 1272 3985 curandum
1310 3938 1416 4001 est,
1464 3938 1549 4000 ut,
1583 3932 1702 3985 Deo
1740 3932 1876 3984 bene
1907 3932 2160 4000 juvante,
2213 3930 2390 3982 omnia
2425 3928 2540 3986 ab}

176 4013 417 4068 Ecclesia
455 4023 507 4069 et
545 4018 686 4070 civili
722 4019 975 4071 societate
1011 4023 1360 4072 amoveantur
1395 4021 1560 4087 mala,
1598 4022 1659 4071 ut
1695 4018 1874 4071 miseri
1913 4023 2147 4070 errantes
2183 4016 2249 4071 ad
2289 4020 2494 4068 rectum
2508 4023 2540 4104 32

2521 4099 2540 4119 ζ·

2511 4121 2540 4175 ζ,
