2540 4282
191 149 249 200 '32
726 159 733 164 ·
779 150 978 194 Litterae
1007 145 1296 204 Apostolicae
1328 147 1408 190 SS.
1440 151 1496 191 D.
1528 150 1584 190 N.
1614 152 1687 192 Pii
1716 151 1806 192 ΡΡ.
1833 152 1920 193 IX.

190 301 312 349 ante
352 294 494 362 dies,
547 311 708 365 quam
746 291 1114 361 Congregatio·
1144 289 1420 344 Generalis
1458 291 1751 361 habeatur,
1793 293 2128 346 decretorum
2167 298 2219 347 et
2259 313 2427 349 canon
2535 350 2538 355 ,

190 383 477 449 schemata,
516 380 582 433 de
621 379 814 450 quibus
841 379 895 429 in
922 377 1348 446 Congregatione
1389 377 1588 429 indicta
1626 376 1894 446 agendum
1934 379 2048 445 e'rit,
2085 379 2227 449 typis
2264 380 2529 450 impressas

191 468 414 538 singulis
452 467 705 519 Patribus
745 464 1155 530 distribuentur,
1205 480 1310 533 quo
1350 462 1561 514 interim
1600 462 1692 514 illa
1730 461 1973 532 diligenti
2012 463 2432 520 consideratione
2471 468 2482 480 “
2519 453 2531 490 5

192 572 402 610 omnem
440 558 647 623 partem
688 549 1020 620 expendant,
1073 555 1151 618 et,
1207 549 1336 619 quid
1374 548 1475 600 sibi
1514 549 1808 601 sententiae
1849 566 1960 601 esse
2000 549 2241 620 debeat,
2275 545 2497 621 accuras'

190 640 517 711 pervideant.
606 639 662 690 Si
716 638 834 707 quis
884 635 1111 689 Patrum
1163 636 1230 688 de
1283 635 1552 688 schemate
1604 636 1877 706 proposito
1931 653 2229 689 sermonem
2281 639 2336 690 in
2386 637 2461 716 Oc
2533 679 2535 682 s

191 727 504 797 'gregatione
542 726 656 795 ipsa
694 723 894 776 habere
932 723 1185 791 voluerit,
1240 723 1307 775 ad
1362 723 1602 775 debitum
1651 723 1791 775 inter
1843 727 2080 775 oratores
2134 723 2374 787 ordinem
2425 743 2463 796 p

193 814 447 882 cujusque
501 809 776 879 dignitatis
828 807 1000 878 gradu
1054 807 1406 876 servandum,
1463 826 1595 878 opus
1650 810 1780 876 erit,
1837 813 1897 860 ut
1950 810 2137 861 saltem
2191 801 2362 880 pridie
2417 809 2499 865 (11

191 896 632 968 Congregationis
680 895 847 964 ipsius
898 894 1244 946 Praesidibus
1298 912 1454 946 suum
1508 894 1802 947 disserendi
1847 897 2179 965 propositum
2224 895 2525 967 significan-⁵·

193 983 319 1037 dum
356 987 519 1035 curet.
594 980 810 1033 Auditis
849 987 1028 1034 aut'em
1070 982 1295 1034 istorum
1332 982 1557 1033 Patrum
1597 975 1959 1049 sermonibus,
1999 983 2042 1034 si
2079 983 2169 1034 alii
2207 984 2368 1035 etiam
2403 988 2535 1054 post¹

191 1088 281 1123 eos
318 1071 372 1123 111
411 1073 675 1122 conventu
713 1069 829 1138 ipso
870 1068 1131 1120 disserere
1168 1067 1450 1134 voluerint,
1490 1067 1590 1119 hoc
1628 1066 1816 1120 iisdem
1848 1067 1926 1119 fas
1958 1068 2088 1136 erit,
2129 1068 2346 1122 obtenta
2376 1069 2524 1139 prius

191 1176 224 1210 a
279 1156 624 1214 Praesidibus
686 1154 895 1208 dicendi
961 1155 1147 1221 venia,
1215 1158 1267 1206 et
1326 1171 1388 1206 eo
1451 1153 1662 1221 ordine,
1725 1170 1886 1222 quem
1948 1153 2236 1208 dicentium
2292 1156 2524 1226 dignitas¹

190 1243 553 1314 postulaverit.
649 1254 653 1257 ’
2462 1303 2468 1310 ,
2531 1233 2534 1235 ’

335 1329 604 1396 JamverO,
643 1329 686 1379 si
723 1329 778 1379 in
818 1346 880 1380 ea
918 1344 1054 1397 quae
1093 1327 1322 1380 habetur
1361 1327 1805 1397 Congregatione,
1846 1327 2148 1396 exhibitum
2186 1327 2399 1380 schema
2435 1328 2526 1381 vel

191 1416 364 1467 nullas
411 1416 497 1467 vel
546 1415 756 1467 nonnisi
806 1414 950 1466 leves
1002 1413 1340 1466 difficultates
1378 1415 1433 1465 in
1470 1414 1584 1483 ipso
1626 1431 1915 1483 congressu
1960 1413 2116 1466 facile
2162 1414 2524 1484 expediendas

194 1500 470 1569 obtulerit,
526 1505 652 1552 tunc
700 1501 834 1553 nihil
885 1518 1066 1553 morae
1120 1502 1249 1569 erit,
1309 1502 1620 1570 quominus,
1677 1501 2149 1570 disceptationibus
2206 1498 2524 1570 compositiS,

193 1586 391 1639 decreti
442 1588 527 1640 vel
580 1589 793 1640 canonis
843 1587 1180 1656 (30110111011517
1236 1588 1300 1641 (10
1355 1588 1461 1658 quo
1513 1589 1714 1657 agitur,
1766 1587 1995 1640 formula
2048 1588 2249 1657 rogatis
2301 1576 2533 1651 PatrumJ

193 1673 459 1743 suffragiis
499 1678 778 1726 statuatur.
831 1675 923 1727 Sin
962 1678 1140 1726 autem
1179 1675 1318 1728 circa
1356 1675 1571 1727 schema
1597 1673 1929 1744 praedictum
1956 1673 2262 1742 hujusmodi
2287 1673 2540 1725 oriantur*-

193 1759 547 1828 difficultateS,
584 1765 659 1828 ut,
695 1761 969 1813 sententiis
1007 1761 1063 1812 in
1103 1762 1367 1813 contraria
1405 1761 1701 1833 conver-siS,
1739 1761 1827 1812 via
1865 1779 1972 1812 non
2010 1764 2289 1830 suppetat,
2329 1776 2434 1828 qua
2471 1758 2528 1811 111

193 1846 310 1916 ipso
349 1851 614 1898 conventu
654 1847 899 1916 componi
935 1848 1154 1916 possint,
1192 1851 1306 1899 tum
1347 1865 1409 1899 ea
1446 1847 1584 1899 ratio
1622 1846 1856 1899 ineunda
1894 1848 2010 1914 erit,
2049 1864 2209 1916 quam
2240 1846 2358 1899 heic
2389 1837 2537 1898 infra*

193 1932 498 2000 statuimuS,
551 1936 611 1983 ut
663 1931 841 1983 stabili
894 1936 946 1984 et
1000 1938 1301 2002 opportuno
1351 1932 1509 1985 modo
1549 1932 1672 1984 huic
1711 1933 1788 1984 rei
1826 1933 2188 2002 provideatur.
2260 1931 2527 1984 Volumus

190 2018 398 2088 itaque,
435 2023 497 2070 ut
534 2018 600 2070 ab
641 2019 756 2088 ipso
797 2019 1018 2071 Concilii
1059 2018 1279 2071 exordio
1321 2022 1549 2087 quatuor
1587 2018 1842 2088 speciales
1881 2035 1943 2070 ac
1981 2018 2266 2071 distinctae.
2299 2017 2526 2074 Patrum

193 2104 646 2174 Congregationes
685 2122 779 2157 seu
815 2106 1194 2173 Deputationes
1231 2106 1603 2172 instituantur,
1659 2122 1885 2174 quarum
1930 2105 2103 2174 prima
2156 2104 2222 2156 de
2260 2103 2420 2156 rebus
2456 2101 2530 2175 ad.

191 2189 352 2243 fidem
400 2191 816 2260 pertinentibUS,
868 2192 1037 2244 altera
1091 2192 1156 2244 de
1209 2192 1370 2245 rebus
1425 2191 1737 2261 disciplinae
1786 2192 2198 2259 ecclesiasticae,
2250 2191 2409 2243 tertia
2461 2189 2528 2244 de

191 2276 351 2329 rebus
390 2277 653 2330 Ordiuum
688 2278 1055 2348 Regularium,
1095 2283 1285 2348 quarta
1324 2278 1538 2330 demum
1576 2278 1643 2330 de
1680 2277 1841 2329 rebus
1878 2278 2011 2331 ritus
2052 2277 2365 2345 OrientaliS,-
2391 2275 2531 2334 Gon«,

193 2362 313 2415 cilio
358 2361 708 2432 perdurante,
766 2382 1086 2434 cognoscere
1140 2371 1193 2417 et
1242 2371 1470 2418 tractare
1523 2365 1754 2417 debebit.
1831 2365 2065 2425 Quaevis
2120 2381 2189 2416 ex
2239 2363 2528 2434 praedictis

194 2449 711 2519 Congregationibus
765 2469 858 2503 seu
909 2451 1362 2521 Deputationibus
1413 2469 1635 2504 numero
1674 2452 1899 2504 Patrum
1953 2455 2179 2520 quatuor
2233 2455 2287 2502 et
2336 2449 2528 2519 viginti

193 2534 486 2603 constabit,
541 2537 632 2606 qui
669 2555 700 2589 a
738 2536 960 2589 Concilii
997 2538 1249 2590 Patribus
1286 2555 1382 2608 per
1432 2536 1711 2589 schedulas
1762 2540 1990 2588 secretas
2043 2535 2320 2605 eligentur.
2394 2537 2527 2590 Uni-

192 2621 383 2697 cuique
423 2639 492 2674 011
529 2622 719 2675 iisdem
756 2622 1273 2692 Congregationibus
1321 2642 1415 2676 seu
1453 2623 1930 2693 DeputationibUS,
1983 2623 2214 2692 praeerit
2264 2641 2402 2675 unus
2454 2619 2535 2693 eris

193 2707 314 2760 VV.
362 2707 470 2760 FF.
518 2708 638 2762 NN.
687 2707 738 2760 S.
790 2710 854 2761 R.
904 2710 965 2763 Ε.
1016 2710 1388 2762 Cardinalibus
1437 2729 1469 2762 a
1506 2710 1690 2769 Nobis⁴
1727 2708 2108 2779 designanduS,
2161 2709 2253 2779 qui
2292 2727 2361 2762 ex
2391 2709 2536 2762 Coum

194 2794 464 2846 ciliaribus
503 2794 789 2863 Theologis
841 2797 928 2847 vel
966 2796 1113 2848 Juris
1151 2796 1403 2848 Canonici
1454 2797 1638 2866 peritis
1691 2814 1857 2848 unum
1907 2801 2001 2848 aut
2047 2797 2226 2866 plures
2279 2797 2335 2848 in
2387 2807 2526 2857 com-

195 2880 413 2932 modum
453 2898 580 2932 suae
619 2880 1060 2949 Congregationis
1099 2899 1194 2933 seu
1229 2881 1605 2951 Deputationis
1643 2880 1912 2948 adsciscet,
1951 2886 2111 2950 atque
2151 2898 2221 2933 ex
2257 2882 2322 2933 iis
2359 2897 2524 2932 unum

195 2966 512 3032 constituet,
576 2966 666 3034 qui
722 2965 1005 3017 Secretarii
1055 2984 1276 3018 munere
1331 2967 1504 3019 eidem
1556 2966 1971 3036 Congregationi
2033 2985 2127 3019 seu
2179 2950 2528 3036 Deputationi

196 3068 416 3121 operam
452 3056 627 3103 navet.
684 3050 861 3121 Igitur
900 3052 943 3103 si
981 3052 1113 3103 illud
1152 3053 1449 3122 contigerit,
1489 3053 1631 3122 quod
1671 3070 1832 3122 supra
1868 3053 2153 3121 innuimuS,
2191 3059 2253 3106 ut
2274 3053 2527 3105 nimirum

195 3138 253 3188 in
291 3131 542 3189 Generali
582 3138 1011 3207 Congregatione
1050 3139 1287 3207 quaestio
1343 3138 1409 3190 de
1463 3139 1738 3208 proposito
1792 3138 2059 3192 schemate
2108 3144 2296 3192 exorta
2350 3139 2535 3191 dirimi*

197 3241 304 3275 non
340 3225 603 3293 potuerit,
655 3228 771 3275 tum
810 3224 1118 3278 Cardinales
1173 3225 1411 3293 ejusdem
1451 3225 1727 3278 Generalis
1766 3224 2205 3294 Congregationis
2244 3224 2538 3288 Praesides¹

198 3309 477 3378 curabunt,
514 3315 574 3362 ut
611 3310 841 3378 schema,
880 3310 946 3363 de
980 3329 1083 3379 quo
1111 3311 1305 3380 agitur,
1343 3329 1450 3363 una
1469 3328 1598 3382 ¹cum
1625 3310 1845 3379 objectis
1870 3309 2266 3362 difficultatibus
2292 3302 2536 3374 examinis

198 3394 509 3462 subjiciatur
546 3396 689 3447 illius
728 3414 797 3448 ex
850 3396 1171 3465 specialibus,
1205 3396 1681 3467 DeputationibUS,
1730 3396 1799 3448 ad
1849 3414 2008 3466 quam
2048 3394 2209 3464 juxta
2258 3382 2528 3465 assignata

199 3481 389 3550 cuique
442 3499 621 3533 rerum
673 3482 1072 3535 tractandarum
1122 3501 1320 3552 genera
1373 3485 1639 3554 pertinere
1695 3483 2024 3552 intelligitur.
2117 3480 2265 3540 Quae
2318 3481 2373 3532 in
2424 3481 2536 3532 hac*

198 3566 454 3634 peculiari
490 3567 848 3636 Deputatione
889 3569 1181 3622 deliberata
1219 3570 1430 3638 fuerint,
1470 3588 1655 3622 eorum
1691 3569 1877 3621 relatio
1915 3567 2057 3637 typis
2097 3565 2240 3617 edita
2270 3565 2540 3628 Patribusg

152 3713 154 3717 .
199 3650 479 3704 diribenda
516 3653 617 3705 erit
646 3654 804 3721 juxta
842 3655 1154 3707 methodum
1191 3673 1223 3706 a
1259 3655 1430 3707 Nobis
1468 3657 1710 3725 superius
1756 3653 2167 3724 praescriptam,
2220 3656 2279 3703 ut
2332 3649 2540 3725 deinde,

198 3736 254 3788 in
310 3738 557 3807 proxima
613 3739 1037 3808 Congregatione
1091 3741 1371 3808 Generali,
1429 3742 1472 3793 si
1522 3741 1655 3792 nihil
1703 3740 1929 3809 amplius
1979 3736 2269 3803 obstiterit,
2324 3733 2540 3804 rogatiss

198 3823 425 3875 Patrum
450 3823 959 3893 suffragiis,-decreti
985 3827 1071 3878 vel
1097 3825 1313 3878 canonis
1341 3825 1650 3877 Conciliaris
1674 3823 1902 3876 formula
1929 3822 2203 3875 condatur.
2259 3820 2526 3890 Suffragia

199 3913 381 3962 autem
418 3927 450 3961 a
485 3909 739 3961 Patribus
778 3915 1026 3963 oretenus
1065 3911 1304 3977 edentur,
1342 3912 1417 3962 ita
1452 3915 1654 3977 tamen,
1691 3915 1752 3962 ut
1788 3909 1915 3978 ipsis
1951 3908 2223 3977 integrum
2260 3908 2326 3959 sit
2363 3907 2524 3959 etiam

202 3995 267 4047 de
302 3996 499 4064 scripto
538 3995 630 4047 illa
666 3997 1026 4065 pronuntiare.
2531 3991 2540 3995 ’
