2540 4282
158 147 187 200 6
335 123 337 125 ¹
768 145 974 202 Epistola
1003 130 1245 198 Encyclica
1277 141 1356 184 SS.
1386 140 1442 181 D.
1473 141 1531 183 N.
1561 142 1633 183 Pii
1662 143 1754 184 PP.
1785 143 1869 189 IX.

158 295 235 348 dit
269 295 414 366 ipsos
448 292 684 361 insignes
721 287 1058 352 fundatoreS,
1098 300 1231 354 quos
1269 299 1430 352 super
1468 283 1726 337 altaribus
1764 302 2108 357 veneramur,
2147 291 2238 360 qui
2275 294 2487 360 nonnisi

156 400 189 437 a
224 381 341 435 Deo
378 378 621 450 inspirati
660 393 748 429 eas
787 372 1176 426 constituerunt
1215 369 1527 422 societates“
1565 368 1599 422 ¹.

126 534 131 539 Ι
297 469 479 538 Atque
517 464 677 519 etiam
714 460 876 530 impie
912 457 1289 529 pronuntiant,
1339 455 1685 509 auferendam
1724 475 1839 511 8888
1877 459 2083 525 civibus
2121 466 2174 514 et
2211 463 2483 519 Ecclesiae

150 556 487 620 facultatem,
547 566 686 618 „qua
737 548 1101 615 eleemosynas
1150 543 1471 596 christianae
1527 544 1763 596 caritatis
1819 562 1978 598 causa
2028 547 2208 616 palam
2260 566 2483 620 erogare

153 638 411 708 valeant,“
453 654 515 690 ac
551 635 617 687 de
654 632 831 685 medio
869 630 1161 708 tollendam
1197 631 1388 700 legem,
1431 648 1570 700 „qua
1608 632 1765 684 certis
1803 632 2072 701 aliquibus
2104 633 2302 688 diebus!
2319 627 2482 706 opera

151 727 363 782 servilia
398 727 615 795 propter
653 719 757 772 Dei
795 718 997 770 cultum
1033 716 1450 786 prohibentur,“
1505 716 1844 772 fallacissime
1881 725 2290 789 praetexenteS,
2341 738 2482 775 com-

150 816 498 867 memoratam
532 807 842 860 facultatem
895 809 948 856 et
999 805 1175 874 legem
1227 803 1458 872 optimae
1511 802 1757 872 publicae
1811 806 2154 860 oeconomiae
2206 806 2481 878 principiis

153 899 422 953 obsistere.

290 984 480 1054 Neque
518 980 751 1036 contenti
788 994 1036 1032 amovere
1074 977 1388 1046 religionem
1436 995 1468 1030 a
1515 976 1733 1046 publica
1785 979 2067 1047 societate,
2120 980 2309 1033 volunt
2357 971 2480 1035 reli-

147 1072 359 1143 gionem
394 1070 567 1140 ipsam
605 1085 638 1120 a
671 1067 894 1137 privatis
932 1065 1094 1118 etiam
1130 1080 1312 1116 arcere
1342 1063 1569 1115 familiis
1624 1064 1839 1117 Etenim
1864 1065 2284 1119 funestissimum
2316 1068 2476 1122 Com-

145 1161 390 1212 munismi
427 1161 480 1209 et
520 1156 821 1208 Socialismi
859 1151 1109 1204 docentes
1146 1168 1208 1203 ac
1233 1150 1542 1220 profitentes
1570 1167 1807 1204 errorem
1833 1158 2090 1220 asserunt,
2135 1155 2476 1220 „societatem

129 1243 488 1314 ,domesticam
526 1245 620 1294 8811
657 1239 914 1293 familiam
951 1242 1118 1289 totam
1155 1252 1283 1288 suae
1321 1236 1638 1289 existentiae
1675 1238 1939 1291 rationem
1975 1257 2007 1292 a
2038 1240 2162 1309 jure
2197 1240 2476 1295 dumtaxat

144 1331 285 1386 civili
321 1328 582 1396 mutuari3
619 1326 950 1397 proindeque
988 1341 1056 1376 ex
1092 1324 1213 1392 lege
1250 1327 1458 1375 tantum
1498 1323 1640 1375 civili
1679 1323 1954 1378 dimanare
1988 1344 2052 1378 ac
2082 1327 2319 1396 pendere
2349 1328 2513 1397 juras,

143 1417 319 1472 omnia
354 1419 637 1487 parentum
674 1413 729 1464 in
766 1412 932 1478 filios,
988 1409 1293 1479 cumprimis
1345 1426 1472 1461 vero
1515 1410 1604 1477 jus
1648 1410 1995 1464 institutionis
2035 1412 2505 1485 educationisque·

140 1501 453 1557 curandae.“
532 1499 738 1562 Quibus
774 1498 950 1568 impiis
989 1496 1330 1567 opinionibus
1366 1496 1960 1568 machinationibusque
1998 1499 2053 1551 in
2091 1499 2149 1552 id
2185 1501 2503 1572 praecipue

138 1587 421 1643 intendunt
455 1585 778 1639 fallacissimi
815 1584 903 1636 isti
940 1584 1213 1651 homines,
1266 1588 1326 1635 ut
1379 1583 1654 1636 salutifera
1707 1584 1999 1638 catholicae
2036 1587 2309 1641 Ecclesiae
2347 1586 2471 1652 doc-

136 1676 276 1729 trina
312 1693 375 1728 ac
410 1674 490 1726 vis
530 1691 561 1725 a
590 1672 887 1741 juventutis
925 1670 1260 1722 institutione
1300 1673 1352 1721 et
1391 1668 1707 1750 educatione
1747 1688 1964 1740 prorsus
2019 1673 2352 1743 eliminetur,
2406 1691 2470 1728 ac

135 1761 305 1815 teneri
341 1760 710 1828 flexibilesque
740 1759 1002 1826 juvenum
1039 1756 1204 1809 animi
1241 1756 1552 1825 perniciosis
1592 1756 1892 1827 quibusque
1923 1759 2192 1811 erroribus
2219 1756 2468 1831 vitiisque
2533 1811 2536 1817 ,

135 1848 327 1901 misere
362 1845 665 1899 inficiantur
701 1861 764 1896 ac
802 1843 1175 1914 depraventur.
1252 1841 1529 1912 Siquidem
1569 1860 1777 1911 omneS,
1815 1845 1906 1914 qui
1943 1862 2056 1897 rem
2094 1850 2208 1898 tum
2245 1864 2466 1916 sacram,
2503 1862 2513 1874 ··

133 1938 249 1987 tum
283 1932 551 2003 publicam
588 1929 934 2000 perturbare,
989 1946 1052 1982 ac
1089 1933 1295 1982 rectum
1332 1929 1600 1983 societatis
1641 1930 1882 1983 ordinem
1919 1937 2190 2001 evertere,
2245 1939 2299 1987 et
2340 1935 2468 2005 jura

135 2021 313 2074 omnia
350 2018 531 2071 divina
567 2021 621 2069 et
669 2016 904 2068 humana
953 2015 1132 2068 delere
1170 2020 1294 2068 sunt
1332 2017 1539 2085 conati,
1592 2018 1772 2070 omnia
1821 2019 2026 2071 nefaria
2078 2038 2175 2072 sua
2229 2021 2463 2089 consilia,

134 2106 310 2160 studia
347 2111 400 2159 et
438 2122 655 2176 operam
706 2104 761 2156 in
811 2103 1168 2174 improvidam
1219 2104 1533 2173 praesertim
1580 2104 1943 2173 juventutem,
1978 2106 2348 2175 decipiendam
2401 2125 2463 2160 ac

134 2191 546 2263 depravandam,
583 2196 643 2243 ut
680 2208 841 2259 supra
878 2190 1164 2257 innuimus,
1200 2207 1412 2259 ,semper
1452 2191 1811 2259 contulerunt,
1862 2209 2181 2262 omnemque
2219 2211 2370 2263 spem
2405 2195 2462 2246 in

84 2276 89 2283 ’
129 2280 295 2350 ipsius
325 2278 620 2347 juventutis
657 2276 958 2346 corruptela
996 2276 1338 2329 collocarunt.
1395 2276 1659 2338 Quocirca
1696 2295 1973 2347 nunquam
2012 2283 2221 2331 cessant
2255 2284 2487 2332 111111111-1

129 2382 233 2436 (1118
272 2362 503 2432 clerum,
556 2381 624 2416 ex
663 2380 799 2433 quc,
850 2362 1018 2415 veluti
1062 2363 1355 2415 certissima
1392 2362 1645 2416 historiae
1683 2369 2030 2417 monumenta
2069 2364 2347 2435 splendide
2382 2370 2460 2419 te-

129 2454 349 2519 stantur,
385 2455 466 2503 tot
503 2466 699 2519 magna
735 2450 790 2500 in
825 2449 1182 2516 christianam,
1223 2449 1449 2516 civilem,
1490 2454 1542 2502 et
1568 2450 1882 2503 litterariam
1906 2452 2294 2521 rempublicam
2319 2469 2458 2505 com-

127 2537 285 2590 moda
309 2535 691 2602 redundarunt,
731 2535 1155 2604 quibuscumque
1178 2534 1409 2587 infandis
1434 2535 1606 2588 modis
1633 2535 1905 2604 divexare,
1941 2541 1993 2588 et
2017 2537 2243 2606 edicere,
2280 2538 2457 2608 ipsum

127 2622 339 2676 Clerum
389 2627 607 2692 „utpote
643 2638 770 2674 vero
820 2621 1045 2690 utilique
1098 2621 1351 2673 scientiae
1405 2626 1458 2673 et
1511 2622 1780 2674 civilitatis
1833 2623 2139 2692 progressui
2181 2624 2456 2678 inimicum

127 2709 194 2762 ab
234 2709 375 2761 omni
419 2708 714 2777 juventutis
766 2706 1124 2760 instituendae
1177 2706 1594 2778 educandaeque
1644 2726 1772 2761 cura
1818 2713 1870 2761 et
1920 2708 2093 2761 officio
2146 2726 2260 2763 esse
2309 2729 2454 2764 amo-
2526 2773 2529 2775 ⁴

110 2794 407 2861 Avendumss
2408 2815 2411 2822 ·

267 2879 344 2932 At
392 2897 519 2933 vero
572 2879 663 2932 alii
713 2880 1070 2931 instaurantes
1122 2887 1290 2950 prava
1342 2898 1405 2932 ac
1457 2880 1615 2933 toties
1670 2880 1920 2932 damnata
1957 2886 2275 2934 novatorum
2313 2899 2454 2956 com-

124 2971 326 3034 menta,
362 2965 558 3035 insigni
593 2964 926 3035 impudentia
962 2965 1163 3018 audent
1200 2965 1470 3019 Ecclesiae
1510 2970 1563 3019 et
1601 2965 1759 3034 hujus
1796 2966 2137 3036 Apostolicae
2175 2966 2468 3025 Sedis'su-.=
2502 3020 2504 3032 ‚

124 3070 362 3123 premam
398 3051 767 3105 auctoritatem
806 3069 838 3104 a
873 3050 1085 3104 Christo
1122 3051 1355 3103 Domino
1395 3052 1445 3104 ei
1483 3051 1739 3103 tributam
1791 3052 1960 3104 civilis
1998 3054 2329 3106 auctoritatis
2346 3071 2448 3107 ffar-

48 3206 54 3214 *
124 3138 281 3190 bitrio
320 3138 606 3206 subjicere,
660 3141 712 3190 et
751 3137 927 3190 omnia
965 3137 1202 3205 ejusdem
1239 3136 1512 3190 Ecclesiae
1551 3141 1604 3190 et
1642 3136 1795 3189 Sedis
1839 3138 1965 3206 jura
2003 3138 2269 3208 denegare
2307 3140 2448 3195 circa

125 3240 189 3276 ea
239 3241 374 3292 quae
426 3223 493 3276 ad
547 3224 866 3277 exteriorem
905 3223 1144 3276 ordinem
1182 3224 1466 3293 pertinent.
1539 3222 1786 3293 Namque
1825 3225 1968 3294 ipsos
2015 3225 2231 3278 minime
2278 3227 2464 3296 pudet*

58 3351 60 3354 .
123 3308 434 3377 affirmare,
471 3309 771 3376 „Ecclesiae
807 3310 953 3378 leges
990 3327 1097 3361 non
1136 3309 1378 3378 obligare
1418 3309 1473 3360 in
1511 3309 1863 3379 conscientia,
1916 3311 2019 3363 nisi
2058 3329 2179 3363 cum
2211 3306 2445 3381 promul-

123 3398 317 3465 gantur
351 3412 384 3446 a
419 3395 560 3447 civili
600 3399 889 3465 potestate3
942 3399 1061 3447 acta
1099 3399 1152 3447 et
1201 3394 1416 3447 decreta
1453 3394 1825 3448 Romanorum
1861 3397 2183 3449 Pontificum
2220 3396 2289 3450 ad
2320 3398 2443 3456 ,reli-

123 3481 336 3551 gionem
387 3484 440 3532 et
475 3481 767 3534 Ecclesiam
819 3481 1113 3551 spectantia
1161 3480 1403 3551 indigere
1455 3471 1727 3535 Sanctione
1781 3487 1835 3535 et
1886 3483 2302 3553 approbatione,
2355 3485 2441 3557 vel

121 3567 399 3619 minimum
450 3582 664 3618 assensu
716 3567 995 3635 potestatis
1050 3566 1250 3633 civilis3
1308 3567 1712 3620 constitutiones
1764 3568 2101 3638 Apostolicas
2136 3567 2187 3639 ²,
2247 3570 2439 3640 quibus

123 3654 441 3708 damnantur
478 3651 836 3705 clandestinae
883 3653 1163 3706 societates
1181 3692 1194 3719 ,
1248 3652 1359 3705 sive
1401 3652 1455 3705 in
1496 3654 1572 3706 eis
1610 3655 1859 3724 exigatur
1887 3655 2008 3708 -sive
2046 3672 2152 3707 non
2192 3656 2440 3726 exigatur

239 3866 251 3893 ¹
281 3869 423 3922 Epist.
459 3865 513 3908 ad
546 3863 673 3905 Card.
707 3840 759 3903 de
789 3863 833 3903 la
862 3861 1224 3903 Rochefoucauld
1258 3863 1323 3903 10.
1357 3865 1505 3904 martii
1540 3865 1664 3905 1791.
2135 3920 2138 3923 1

152 3945 159 3953 ·
234 3937 252 3964 ²
282 3938 492 3980 Clement.
525 3937 635 3977 XII.
683 3932 763 3989 „In
802 3933 1039 3974 eminenti.“
1100 3934 1324 3975 Benedict.
1368 3935 1499 3977 XIV.
1550 3934 1787 3988 „Providus
1826 3934 2159 3980 Romanorum.“
2225 3939 2296 3980 Pii
2327 3939 2444 3987 VH..

92 4047 94 4049 ,
122 4009 418 4066 „Ecclesiam.“
482 4010 642 4050 Leonis
676 4009 786 4049 XII.
820 4004 938 4062 „Ouo
968 4004 1215 4060 yramora.“
