2540 4282
155 168 218 218 36
853 168 1052 211 Litterae
1081 167 1402 222 Episcoporum
1434 167 1789 218 quingentorum.

305 312 481 365 Macte
532 329 661 381 ergo
714 310 891 364 animo
910 349 923 376 ,
978 307 1295 361 Beatissime
1332 308 1520 360 Pater!
1577 324 1744 377 perge
1795 325 1988 360 navem
2025 308 2299 363 Ecclesiae
2349 310 2534 382 inter,

160 400 365 455 medias
402 400 662 469 procellas
700 414 916 463 secura,
971 400 1030 447 ut
1069 396 1318 462 suevisti,
1374 412 1535 447 manu
1589 393 1658 446 ad
1707 398 1924 464 portum
1961 393 2242 448 adducere.
2316 385 2525 450 Mater?

163 487 376 541 divinae
414 483 635 555 gratiae,
675 499 834 551 quam
859 481 942 532 Tu
979 480 1338 551 pulcherrimo
1376 481 1592 533 honoris
1620 481 1775 532 titulo
1804 480 2061 548 salutasti,
2098 481 2526 548 intercessionis<

163 591 292 627 suae
330 572 530 625 auxilio
567 569 829 622 tutabitur
867 569 1111 620 semitam
1150 569 1336 620 Tuam.
1411 567 1529 619 Erit
1569 566 1693 618 Tibi
1730 566 1786 618 in
1825 567 2032 619 stellam
2084 568 2276 636 maris,
2330 586 2493 639 quam

160 660 389 738 invicta,
425 658 506 710 uti
544 656 708 723 soleS,
751 654 947 710 fiducia
985 654 1305 724 suspiciens,
1343 671 1452 706 non
1488 653 1684 705 frustra
1723 652 1921 722 diriges
1959 670 2173 705 cursum
2209 653 2278 706 ad
2313 655 2497 723 IHum,
2535 643 2538 652 ¹

163 745 256 816 qui
292 761 387 814 per
426 760 543 796 eam
582 740 651 793 ad
687 758 785 793 nos
821 741 1004 793 venire
1043 741 1224 793 voluit.
1296 741 1562 793 Faventes
1610 739 1835 792 habebis
1882 740 2137 793 caelestes
2176 738 2497 794 Sanctorum

164 831 384 898 chorOS,
422 845 650 898 quorum
689 826 903 879 beatam
940 827 1166 896 gloriam
1202 843 1396 895 magno
1437 824 1613 877 studio
1655 826 2024 895 continuisque
2063 826 2370 896 apostolicis
2409 844 2499 899 co·

161 915 375 970 natibus
413 913 734 983 exquisitam
770 912 970 965 mundo
1010 912 1273 964 exultanti
1310 916 1425 963 tum
1464 910 1653 961 diebus
1690 910 1830 978 istis,
1870 916 1986 962 tum
2023 911 2251 965 antehac
2288 928 2500 965 annun-

164 1002 329 1056 ciasti.
403 997 671 1052 Assistent
710 998 834 1050 Tibi
871 998 1150 1068 Principes
1188 996 1573 1068 Apostolorum
1611 997 1806 1049 Petrus
1860 1003 1912 1050 et
1956 998 2190 1067 Paulus,
2242 998 2521 1069 precibus

163 1087 471 1159 potentibus
523 1085 932 1162 sollicitudinem
971 1084 1144 1137 Tuam
1195 1083 1562 1137 secundantes.
1637 1083 1702 1134 In
1754 1084 1952 1153 puppi,
2008 1102 2169 1154 quam
2217 1086 2302 1139 Tu
2352 1077 2528 1141 nunc,

164 1190 422 1244 occupas,
476 1173 671 1227 Petrus
725 1174 852 1225 olim
904 1172 1152 1240 sedebat,
1207 1172 1322 1241 ipse
1360 1169 1504 1239 apud
1541 1170 1834 1222 Dominum
1871 1170 2217 1239 intercedet,
2250 1176 2312 1224 ut
2358 1189 2500 1241 quae

162 1259 316 1311 navis
351 1258 517 1329 ipsius
556 1257 822 1327 suffragiis
858 1256 1041 1325 adjuta
1079 1256 1376 1308 octodecim
1415 1257 1640 1308 saeculis
1675 1257 1846 1308 altum
1882 1257 2024 1309 vitae
2055 1258 2322 1311 humanae
2346 1275 2499 1312 mare

162 1344 389 1398 feliciter
424 1345 709 1415 percurrit,
750 1345 828 1396 Te
865 1344 1044 1410 Duce,
1085 1342 1274 1411 opimis
1311 1342 1692 1395 immortalium
1731 1343 2028 1409 animarum
2067 1344 2251 1414 spoliis
2289 1336 2534 1413 onustas

164 1430 447 1484 coelestem
484 1434 698 1500 portum
739 1429 910 1500 plenis
948 1428 1138 1481 subeat
1175 1422 1323 1481 velis.
1400 1428 1557 1490 Quod
1594 1432 1654 1481 ut
1691 1429 1800 1496 fiat,
1838 1447 1936 1481 nos
1975 1447 2238 1498 curarum,
2278 1447 2498 1501 precum

165 1521 220 1571 et
255 1516 501 1569 laborum
523 1518 761 1569 Tuorum
798 1515 983 1568 fideles
1021 1515 1350 1585 devotosque
1388 1517 1559 1567 socios
1597 1515 1838 1584 habebis,
1879 1517 1972 1586 qui
2008 1516 2244 1570 divinam
2270 1498 2502 1575 clemens-Q
2532 1539 2540 1555 ·—

130 1648 132 1650 ,
163 1603 295 1655 tiam
331 1620 472 1654 nunc
510 1620 722 1672 quoque
762 1602 1141 1672 deprecamur,
1195 1607 1254 1653 ut
1294 1601 1417 1653 Tibi
1456 1602 1599 1653 omni
1637 1601 2011 1654 benedictione
2060 1602 2277 1656 coelesti
2315 1610 2500 1670 cunm-‘-
2536 1674 2540 1678 ,

163 1689 274 1741 lato
312 1693 588 1740 serventur
626 1693 1031 1758 augeanturque
1068 1688 1238 1757 vires3
1277 1692 1336 1740 ut
1374 1689 1525 1740 novis
1564 1689 1615 1740 in
1658 1688 1771 1740 dies
1810 1689 2111 1741 animarum
2147 1689 2309 1742 lucris
2347 1677 2502 1754 dives

164 1775 236 1828 sit
271 1776 382 1829 vita
421 1775 554 1843 Tua,
593 1775 660 1827 sit
697 1776 960 1845 longaeva
997 1775 1054 1826 in
1089 1775 1262 1843 terriS,
1301 1775 1369 1826 sit
1408 1775 1533 1827 olim
1570 1774 1626 1825 in
1666 1774 1824 1827 coelis
1863 1774 2049 1827 beata!

511 1920 544 1972 ’ἰ-
573 1921 743 1962 Marius
788 1921 1038 1963 Cardinalis
1085 1922 1272 1977 Mattei,
1317 1922 1468 1975 Episc.
1518 1921 1685 1964 Ostien.
1733 1927 1777 1964 et
1814 1924 2086 1965 Veliternen.
2133 1928 2178 1965 et
2223 1923 2269 1966 S.
2312 1923 2517 1978 Collegii·

687 1995 908 2035 Decanus.

511 2065 544 2117 Ἰ-
576 2065 895 2108 Constantinus
929 2066 1057 2108 Card.
1088 2068 1276 2120 Patrizi‚
1307 2068 1458 2121 Episc.
1490 2068 1698 2108 Portuen.
1730 2072 1774 2108 et
1807 2068 1851 2110 S.
1884 2068 2084 2111 Rufinae.

508 2138 541 2190 ἦ·
571 2139 770 2180 Aloisius
804 2138 935 2180 Card.
969 2140 1119 2194 Amat,
1149 2141 1301 2193 Episc.
1333 2141 1612 2181 Praenestin.

511 2212 544 2263 ἦ·
575 2212 835 2253 Ludovicus
869 2212 1001 2254 Card.
1035 2213 1213 2260 Altieri,
1243 2215 1393 2267 Episc.
1428 2214 1646 2255 Albanen.

512 2284 544 2335 ἦ·
576 2285 788 2325 Nicolaus
821 2283 954 2325 Card.
988 2283 1169 2325 Clarelli
1198 2286 1478 2340 Paracciani,
1509 2287 1657 2340 Episc.
1694 2288 1934 2328 Tusculan.

514 2357 547 2407 ἦ·
576 2357 810 2410 Philippus
841 2355 973 2398 Card.
1006 2357 1075 2397 De
1103 2357 1303 2410 Angelis,
1339 2358 1549 2414 Archiep.
1581 2360 1779 2400 Firman.

515 2430 548 2481 ἦ·
579 2430 874 2483 Engelbertus
907 2429 1038 2472 Card.
1071 2430 1278 2485 SterckX,
1310 2432 1520 2485 Archiep.
1552 2432 1834 2472 Mechlinien.

517 2502 549 2553 ἦ·
580 2503 781 2544 Aloisius
811 2502 947 2544 Card.
981 2484 1234 2544 Vannicelli
1269 2503 1447 2559 Casoni,
1479 2505 1690 2560 Archiep.
1722 2506 1970 2547 Ferrarien.

516 2574 548 2625 ἦ·
581 2574 766 2616 cosmas
798 2575 931 2617 Card.
966 2575 1108 2629 Corsi,
1139 2577 1351 2631 Archiep.
1382 2580 1533 2620 Pisan.

516 2647 548 2698 ἦ·
578 2648 839 2689 Dominicus
872 2648 1002 2690 Card.
1036 2649 1204 2691 Carasa
1235 2650 1289 2691 de
1321 2651 1520 2706 Traetto,
1559 2651 1768 2705 Archiep.
1799 2651 2098 2693 Beneventan.

518 2720 550 2771 ·1-
583 2722 742 2761 Xistus
775 2720 905 2762 Card.
936 2722 1087 2764 Riario
1121 2723 1291 2778 Sforza,
1322 2724 1533 2778 Archiep.
1565 2725 1848 2778 Neapolitan.

516 2792 549 2843 Ἰ·
582 2793 776 2834 Jacobus
806 2794 954 2835 Maria
985 2795 1116 2836 Card.
1148 2797 1366 2850 Mathieu,
1400 2798 1611 2850 Archiep.
1642 2798 1861 2838 Bisuntin.

520 2864 552 2915 ἦ·
583 2866 853 2907 Franciscus
885 2866 1118 2919 Augustus
1153 2867 1283 2909 Card.
1315 2870 1503 2923 Donnet,
1542 2870 1750 2924 Archiep.
1784 2870 2066 2923 Burdigalen.

521 2936 553 2987 ἦ·
586 2936 772 2978 Carolus
807 2938 1006 2979 Aloisius
1039 2939 1168 2980 Card.
1202 2942 1455 2994 Morichini,
1485 2943 1633 2997 Episc.
1667 2943 1820 2984 Aesin.

525 3008 557 3059 *1-
590 3008 790 3050 Joachim
822 3009 952 3051 Card.
984 3011 1130 3064 Pecci,
1162 3013 1311 3065 Episc.
1344 3016 1545 3056 Perusin.

521 3079 553 3131 Ἰ·
584 3081 804 3122 Antonius
836 3083 1100 3124 Benedictus
1134 3085 1264 3126 Card.
1298 3087 1561 3141 Antonucci,
1592 3088 1743 3142 Episc.
1776 3089 2043 3130 Anconitan.

523 3152 555 3204 *1-
586 3155 806 3195 Henricus
839 3154 970 3196 Card.
1005 3157 1152 3210 Orfei,
1206 3158 1413 3212 Archiep.
1461 3159 1766 3201 Ravennaten.
1815 3164 1858 3201 et
1903 3161 2234 3202 administrator
2275 3160 2535 3202 Dioecesis.

703 3227 960 3269 Cesenaten.

525 3299 558 3350 ἦ·
589 3302 759 3351 Joseph
790 3301 937 3342 Maria
970 3301 1098 3343 Card.
1132 3303 1295 3356 Milesi,
1327 3303 1484 3344 Abbas
1518 3306 1672 3345 Trium
1701 3305 1922 3345 Pontium.

526 3372 559 3423 ·1·
588 3373 783 3414 Michael
815 3373 941 3414 Card.
977 3374 1144 3415 Garcia
1175 3375 1354 3430 Ouesta,
1386 3377 1592 3431 Archiep.
1626 3377 1970 3430 compostellan.

528 3443 560 3495 ·1‘
591 3446 758 3499 Joseph
789 3447 988 3488 Aloisius
1021 3447 1150 3488 Card.
1188 3449 1498 3503 Trevisanato,
1529 3452 1652 3491 Patr.
1685 3435 1984 3492 Venetiarmn.

532 3516 564 3566 ἦ·
594 3517 848 3558 Ludovicus
880 3519 1011 3560 Card.
1043 3521 1111 3560 De
1146 3521 1214 3561 La
1243 3522 1678 3577 Lastra-y-Cuesta,
1709 3523 1917 3575 Archiep.
1948 3521 2179 3575 Hispalen.

532 3587 565 3639 ἦ·
595 3589 830 3643 Philippus
860 3592 1005 3632 Maria
1037 3592 1167 3634 Card.
1199 3594 1347 3648 Guidi,
1379 3596 1585 3650 Archiep.
1617 3598 1854 3637 Bononien.

531 3657 562 3708 -Ῑ·
593 3660 810 3701 Hem-icus
840 3663 989 3704 Maria
1020 3664 1149 3705 Oard.
1183 3666 1235 3706 de
1266 3667 1565 3720 Bonnechose,
1599 3669 1808 3721 Archiep.
1841 3668 2160 3720 Rothomagen.

533 3730 566 3782 ἦ·
596 3732 764 3773 Paulus
797 3733 925 3774 Card.
959 3734 1128 3788 Cullen,
1161 3738 1367 3793 Archiep.
1399 3740 1636 3781 Dublinen.

537 3803 568 3852 ·1·
598 3803 816 3855 Rogerius
847 3806 1043 3848 Aloisius
1075 3809 1226 3850 Antici
1255 3810 1429 3865 Mattei,
1458 3813 1727 3854 Patriareha
1757 3810 2088 3865 constantinop.

536 3874 568 3924 ᾖ·
598 3876 766 3916 Paulus
797 3878 1021 3933 Ballerini,
1051 3881 1314 3923 Patriarcha
1342 3885 1634 3926 Alexandrin.

536 3945 568 3995 ἦ·
598 3947 765 3988 Paulus
795 3949 955 3990 Petrus
986 3953 1192 4007 Mashad,
1221 3944 1489 3998 Patriarcha
1518 3957 1778 3997 Antiochen.
1807 3956 2140 3997 Maronitarum.

538 4018 570 4070 ’1-
602 4017 842 4072 Gregorius
875 4022 1038 4077 Jussef‚
1067 4025 1190 4066 Patr.
1222 4026 1482 4069 Antiochen.
1516 4028 1673 4069 Graec.
1704 4028 1794 4068 Rit.
1826 4029 2074 4069 Melchitar.
