2540 4282
156 190 220 252 68
748 202 945 268 Litterae
975 200 1262 254 Apostolicae
1295 197 1374 240 SS.
1406 201 1461 241 D.
1491 199 1548 240 N.
1580 199 1658 239 Pii·
1682 197 1772 239 PP.
1797 197 1891 239 IX.

159 347 355 418 ciplina
394 344 673 414 exigenda,
709 359 1002 410 memoreS,
1041 358 1203 411 quam
1240 340 1495 410 gravibus
1535 320 1710 392 verbis
1747 339 1950 391 Paulus
1989 337 2279 408 Apostolus
2330 322 2537 410 prae-‘J'

163 434 323 504 cipiat
359 431 651 502 Episcopis,
689 433 749 480 ut
787 428 892 522 sint
930 444 1058 479 suae
1097 426 1277 479 domui
1314 425 1452 478 bene
1490 425 1779 495 praepositi
1801 424 1835 477 ¹.
2415 457 2419 459 s
2492 422 2536 575 ἕξ

2522 573 2534 606 122

1281 603 1309 655 I
1311 604 1353 655 I.
2518 640 2531 693 :3

2510 695 2530 732 1.

830 708 919 795 De
945 736 1088 813 jure
1133 741 1183 795 et
1225 734 1391 795 modo
1425 736 1806 816 proponendi.

302 894 453 948 Licet
483 893 571 962 jus
611 896 662 945 et
699 908 892 944 munus
943 889 1276 961 proponendi
1323 891 1562 959 negotia,
1619 907 1756 959 quae
1808 891 1863 943 in
1898 890 2091 943 Sancta
2130 878 2540 959 Oecumenicaxss-,f

164 981 377 1053 Synodo
415 979 634 1032 tractari
655 978 969 1045 debebunt,
1009 978 1074 1029 de
1113 976 1283 1045 iisque
1322 976 1546 1028 Patrum
1583 976 1870 1029 sententias
1906 975 2134 1046 rogandi
2170 977 2380 1030 nonnisi
2415 969 2486 1047 ad

90 1108 104 1122 .
162 1068 272 1121 Nos
312 1069 365 1117 et
399 1063 467 1116 ad
504 1064 642 1116 hanc
675 1062 1040 1133 Apostolicam
1073 1062 1267 1115 Sedem
1303 1063 1584 1132 pertineat,
1622 1062 1966 1119 nihilominus
2002 1081 2110 1116 non
2146 1063 2305 1120 modo
2338 1067 2487 1133 opta·

162 1150 295 1219 mUS,
333 1149 427 1217 sed
467 1149 628 1203 etiam
664 1149 956 1217 hortamur,
993 1154 1054 1200 ut
1092 1149 1135 1200 si
1173 1149 1266 1218 qui
1302 1149 1441 1201 inter
1479 1148 1701 1202 Concilii
1723 1149 1914 1201 Patres
1951 1149 2152 1220 aliquid
2189 1166 2488 1220 proponen-
2522 1150 2539 1224 fs

164 1239 293 1291 dum
328 1236 629 1303 habuerint,
669 1234 811 1305 quod
851 1234 918 1286 ad
955 1234 1226 1304 publicam
1265 1234 1550 1286 utilitatem
1591 1235 1830 1288 conferre
1867 1253 2021 1305 posse
2061 1236 2393 1304 existiment,
2430 1235 2487 1288 id
2520 1228 2540 1250 ⁷

162 1325 329 1378 libere
364 1323 561 1393 exequi
598 1321 779 1375 velint.
855 1321 990 1374 Cum
1027 1338 1154 1373 vero
1194 1321 1362 1391 probe
1398 1321 1782 1391 perspiciamus
1819 1321 1956 1372 hanc
1994 1321 2164 1390 ipsam
2201 1338 2348 1390 rem,
2385 1320 2491 1373 nisi
2531 1370 2534 1375 .

165 1428 398 1482 congruo
436 1414 675 1480 tempore
713 1413 766 1461 et
803 1395 960 1459 modo
1001 1407 1329 1477 perficiatur,
1382 1425 1491 1459 non
1538 1425 1727 1477 parum
1775 1408 2071 1460 necessario
2111 1406 2489 1460 Conciliarium
2528 1414 2537 1469 j

165 1498 433 1561 actionum
472 1495 643 1548 ordini
683 1494 893 1547 officere
945 1511 1126 1563 posse,
1179 1494 1375 1547 idcirco
1430 1495 1734 1566 statuimus,
1794 1494 2055 1562 ejusmodi
2101 1493 2540 1564 propositiones*

164 1585 240 1637 ita
276 1583 392 1636 fieri
430 1582 642 1649 debere,
680 1584 740 1632 ut
779 1597 964 1633 earum
1003 1579 1298 1649 quaelibet:
1341 1583 1385 1632 l.
1426 1580 1620 1650 scripto
1656 1579 1950 1647 mandetur,
1989 1598 2050 1633 ac
2075 1580 2330 1650 peculiari
2355 1580 2492 1649 Con-
2530 1599 2540 1632 ·.

168 1668 467 1740 gregationi
503 1666 896 1734 nonnullorum,
933 1670 1048 1724 tum
1074 1664 1195 1718 VV.
1222 1666 1328 1719 FF.
1353 1667 1472 1719 NN.
1513 1665 1564 1718 S.
1601 1665 1667 1718 R.
1706 1667 1767 1718 E.
1807 1667 2184 1734 Oardinalium,
2220 1670 2336 1719 tum
2359 1665 2494 1736 Syn-

92 1773 98 1781 ’
168 1755 257 1808 odi
307 1740 532 1807 Patrum
583 1771 615 1805 a
662 1751 832 1805 Nobis
885 1751 1222 1822 deputandae
1274 1753 1523 1823 privatim
1573 1753 1918 1822 exhibeatur,
1987 1756 2034 1806 2.
2087 1753 2363 1823 publicum
2413 1737 2523 1806 1·θὶι

169 1840 484 1894 christianae
536 1839 738 1891 bonum
790 1855 918 1891 vere
978 1838 1252 1908 respiciat,
1318 1856 1425 1891 non
1482 1839 1806 1908 singularem
1863 1838 2142 1890 dumtaxat
2191 1838 2348 1890 unius
2406 1839 2494 1890 vel

169 1928 386 1980 alterius
421 1925 693 1978 Dioecesis
729 1914 1037 1992 utilitatem3
1077 1927 1124 1976 3.
1163 1925 1395 1978 rationes
1435 1926 1718 1992 contineat,
1759 1924 1825 1976 ob
1866 1941 1997 1994 quas
2035 1924 2180 1975 utilis
2219 1928 2271 1976 et
2303 1941 2521 1994 opporr

169 1997 299 2065 tuna
333 2015 602 2079 censetur3
641 2013 691 2063 4.
725 2010 860 2062 nihil
892 2027 1020 2080 prae
1049 2028 1104 2063 se
1130 2010 1281 2079 ferat,
1322 2011 1463 2081 quod
1506 2029 1537 2063 a
1575 2011 1838 2063 constanti
1860 2010 2132 2063 Ecclesiae
2166 2027 2324 2063 sensu
2362 1999 2526 2078 ejus-⁷

171 2114 275 2170 que
311 2097 710 2150 inviolabilibus
743 2096 1122 2149 traditionibus
1162 2097 1394 2149 alienum
1432 2097 1514 2147 sit.
2530 2148 2534 2156 k

311 2182 608 2236 Peculiaris
644 2183 917 2254 praedicta
946 2183 1301 2253 Congregatio
1341 2182 1727 2252 propositiones
1766 2181 1867 2233 sibi
1906 2181 2174 2233 exhibitas
2213 2173 2497 2251 diligenter
2528 2179 2538 2187 ’

173 2268 466 2339 expendet,
518 2264 970 2339 suumquefflirca
1023 2286 1206 2320 earum
1243 2268 1618 2320 admissionem
1670 2269 1756 2321 vel
1808 2267 2168 2320 exclusionem
2219 2268 2499 2320 consilium

173 2354 368 2408 Nostro
402 2353 602 2424 judicio
642 2354 942 2422 submittet,
989 2358 1048 2406 ut
1085 2355 1197 2408 Nos
1236 2353 1428 2406 deinde
1467 2360 1674 2408 matura
1714 2354 2135 2407 consideratione
2173 2353 2240 2407 de
2276 2354 2340 2406 iis
2395 2344 2501 2413 sta-

173 2446 400 2509 tuamus,
437 2443 619 2492 utrum
655 2440 724 2493 ad
762 2439 1085 2510 Synodalem
1124 2440 1560 2493 deliberationem
1599 2439 1795 2493 deferri
1833 2438 2076 2491 debeant.
2231 2433 2236 2438 ’
2292 2428 2294 2430 V

1285 2626 1386 2679 III.

800 2757 892 2816 De
935 2764 1139 2817 secreto
1183 2759 1460 2817 servando
1504 2754 1580 2818 in
1604 2757 1880 2834 Concilio,

324 2911 651 2964 Prudentiae
677 2910 766 2963 hic
790 2912 926 2964 ratio
952 2912 1065 2964 Nos
1092 2911 1356 2979 admonet,
1394 2915 1454 2963 ut
1479 2914 1667 2965 secreti
1693 2913 1867 2981 fidem,
1894 2931 2029 2983 quae
2054 2914 2110 2966 in
2137 2893 2540 2984 superioribus!

181 2998 428 3052 Conciliis
464 3014 572 3049 non
619 2997 806 3062 semel,
860 2996 1232 3065 adjunctorum
1285 2997 1546 3066 gravitate
1595 2998 1876 3066 exigente,
1930 2998 2212 3052 indicenda
2263 2999 2392 3068 fuit,
2445 2999 2501 3051 in

140 3121 155 3149 ·.
180 3084 432 3136 universa
484 3083 642 3151 hujus
680 3081 901 3135 Concilii
953 3083 1160 3135 actione
1215 3083 1530 3135 servandam
1576 3082 1873 3151 jubeamus.
1963 3082 2019 3135 Si
2076 3086 2216 3137 enim
2265 3101 2502 3155 unquam

141 3189 144 3191 ’
185 3171 332 3237 alias,
371 3170 471 3221 hoc
507 3168 740 3220 maxime
776 3174 1015 3239 tempore
1055 3169 1186 3221 haec
1225 3171 1399 3222 cautio
1438 3170 1733 3222 necessaria
1767 3171 1882 3222 visa
1921 3175 2015 3239 est,
2055 3189 2158 3240 quo
2197 3171 2253 3222 in
2291 3188 2540 3223 omnem-

186 3256 515 3308 occasionem
554 3255 781 3307 excubat
818 3254 1052 3307 invidiae
1091 3254 1398 3307 conflandae
1437 3260 1619 3306 contra
1658 3255 1985 3307 Catholicam
2020 3255 2313 3308 Ecclesiam
2366 3257 2517 3325 ejus-1

189 3359 292 3411 que
330 3342 636 3408 doctrinam,
673 3342 916 3412 pluribus
954 3341 1180 3394 nocendi
1218 3340 1407 3411 opibus
1432 3341 1637 3410 pollens
1663 3341 1923 3411 impietas.
1974 3341 2311 3410 Quapropter
2347 3358 2502 3410 prae-

188 3428 411 3497 cipimus
449 3428 691 3480 omnibus
717 3432 769 3480 et
795 3427 1307 3498 singuIiS.PatribUS,
1349 3426 1676 3480 Officialibus
1700 3425 1937 3494 Concilii,
1977 3425 2281 3495 Theologis,
2320 3425 2508 3479 Sacro-

187 3531 309 3565 rum
335 3513 608 3565 Canonum
632 3514 840 3582 Peritis,
879 3514 1220 3583 caeterisque,
1261 3513 1350 3582 qui
1378 3530 1595 3582 operam
1620 3530 1770 3565 suam
1791 3511 2041 3564 Patribus
2065 3511 2150 3563 vel
2177 3511 2507 3566 Officialibus

158 3667 162 3669 λ
190 3597 475 3669 praedictis
514 3599 700 3668 quovis
737 3599 894 3651 modo
933 3600 989 3650 in
1025 3598 1184 3651 rebus
1222 3597 1379 3665 hujus
1406 3597 1627 3650 Concilii
1662 3597 1935 3668 praebent,
1972 3600 2031 3647 ut
2059 3596 2272 3650 decreta
2308 3603 2362 3651 et
2398 3597 2531 3667 alia-

194 3679 583 3753 quaecumque,
651 3701 785 3752 quae
836 3684 925 3735 iisv
953 3682 1307 3736 examinanda
1356 3689 1748 3752 proponentur,
1801 3699 2006 3733 necnon
2055 3681 2403 3734 discussiones
2453 3685 2540 3736 et÷

195 3766 524 3836 singulorum
573 3770 858 3821 sententias
906 3788 1014 3822 non
1065 3770 1341 3839 evulgent,
1403 3786 1501 3821 nec
1559 3769 1718 3821 alicui
1773 3771 1924 3820 extra
1974 3769 2237 3837 gremium
2284 3759 2540 3825 Conciliif

194 3850 456 3920 pandant,
495 3852 846 3922 praecipimus
882 3854 1096 3923 pariter,
1135 3857 1194 3905 ut
1227 3853 1490 3927 Officiales
1518 3853 1754 3921 Concilii,
1794 3845 1885 3923 qui
1922 3854 2208 3924 episcopali
2244 3853 2506 3924 dignitate
2523 3853 2540 3931 f

319 4045 333 4072 ¹
367 4050 390 4089 1
421 4047 608 4088 Timoth.
643 4023 681 4101 3,
714 4050 753 4087 4.
