2540 4282
193 132 197 138 ⁸
211 146 269 197 18
1249 107 1476 210 syllabus.
1538 108 1541 118 ‹

207 296 344 358 tifici
387 295 449 354 in
508 294 577 353 iis
639 311 786 372 quae
851 291 1284 370 episcopatuum
1354 295 1409 349 et
1451 288 1860 368 ,episcoporum
1927 289 2240 378 respiciunt
2281 283 2540 375 'instituf'

207 386 439 456 tionem'.

548 498 667 544 Litt.
703 497 877 557 Apost.
915 493 1204 556 Multiplices
1235 495 1359 541 inter
1399 495 1471 540 10.
1503 492 1632 554 junii
1671 494 1807 540 1851.

547 576 702 624 AHoc.
739 573 1106 621 Acerbissimum
1141 574 1216 620 27.
1251 571 1547 634 septembris
1586 572 1723 619 1852.

380 702 506 763 LII.
572 699 933 760 Gubernium
979 704 1169 779 potest
1214 718 1316 757 suo
1352 698 1486 776 jure
1531 697 1835 759 immutare
1878 705 2125 759 aetatem
2169 686 2242 758 ab
2272 688 2540 760 Ecclesia

206 803 617 886 praescriptam
662 820 767 880 pro
812 799 1083 878 religiosa
1126 806 1246 859 tam
1291 782 1596 858 mulierum
1642 819 1815 878 quam
1858 800 2114 860 virorum
2155 799 2524 879 professione,

209 904 586 981 omnibusque
631 900 915 979 religiosis
962 899 1194 959 familiis
1253 899 1532 973 indicere,
1603 906 1667 959 ut
1723 900 2013 960 neminem
2072 900 2195 960 sine
2251 919 2353 959 suo
2398 919 2528 979 per-

207 1004 385 1063 missu
428 1002 504 1062 ad
547 1001 825 1061 solemnia
851 1001 1005 1060 ⁷vota
1048 1000 1439 1079 nuncupanda
1483 1001 1807 1060 admittant.

549 1113 709 1161 Alloc.
742 1112 1003 1175 Nunquam
1020 1114 1138 1175 fore
1178 1115 1251 1161 15.
1287 1112 1558 1161 decembris
1594 1115 1730 1162 1856.

376 1238 541 1297 LIII.
602 1237 991 1315 Abrogandae
1046 1243 1178 1295 sunt
1223 1237 1381 1315 leges
1429 1258 1577 1317 quae
1621 1238 1695 1298 ad
1739 1238 2136 1317 religiosarum
2180 1223 2540 1298 familiarum,

206 1344 420 1399 statum
463 1337 794 1415 tutandum,
859 1356 1171 1414 earumque
1215 1336 1354 1414 jura
1410 1343 1466 1396 et
1513 1338 1697 1398 officia
1741 1339 2058 1418 pertinent3
2119 1339 2295 1399 immo
2339 1323 2537 1419 potestj

206 1439 373 1499 civile
429 1437 770 1517 gubernium
823 1436 893 1495 iis
953 1436 1218 1496 omnibus
1277 1436 1561 1496 auxilium
1620 1445 1942 1518 praestare,
2014 1437 2114 1517 qui
2144 1420 2208 1498 a
2264 1439 2538 1518 suscepto

203 1539 507 1617 religiosae
550 1538 702 1597 vitae
747 1538 1006 1596 instituto
1050 1537 1294 1597 deficere
1354 1557 1421 1597 ac
1479 1540 1759 1600 solemnia
1814 1547 1949 1599 vota
2005 1539 2270 1618 frangere
2314 1537 2527 1616 velin't3

206 1639 533 1720 pariterque
577 1644 768 1717 potest
823 1637 1124 1716 religiosas
1181 1639 1412 1701 easdem
1466 1640 1714 1701 familias
1774 1640 2015 1720 perinde
2072 1660 2139 1700 ac
2163 1655 2166 1656 ’
2194 1638 2525 1725 collegiatas

202 1739 490 1800 Ecclesias
550 1746 606 1798 et
648 1739 924 1799 beneficia
981 1738 1264 1818 simplicia
1326 1739 1500 1799 etiam
1553 1742 1701 1821 juris
1748 1746 2083 1820 patronatus
2142 1739 2374 1820 penitus
2411 1728 2525 1822 reit-

204 1840 484 1918 tinguere,
532 1839 879 1918 illorumque
923 1841 1075 1909 bona
1119 1846 1177 1899 et
1220 1840 1439 1900 reditus
1485 1840 1670 1900 civilis
1710 1838 2010 1919 potestatis
2041 1823 2526 1909 administrationi

202 1946 262 2000 et
306 1940 537 2000 arbitrio
583 1940 863 2018 subjicere
909 1945 966 2000 et
1009 1941 1316 2000 vindicare.
2229 1944 2238 1953 ’

544 2052 701 2099 AJloc.
738 2051 1106 2100 Acerbissimum
1140 2054 1217 2100 27.
1253 2052 1542 2115 septembris
1578 2053 1714 2100 1852.

541 2130 696 2177 Alloc.
732 2131 884 2178 Probe
915 2132 1220 2179 memineritis
1251 2133 1328 2179 22.
1360 2131 1578 2193 januarii
1617 2133 1751 2180 1855.

542 2210 700 2256 Alloc.
740 2209 858 2257 Cum
889 2226 1028 2271 saepe
1062 2213 1139 2258 26.
1170 2210 1282 2272 julii
1321 2211 1457 2260 1855.

374 2334 533 2394 LIV.
595 2333 787 2411 Reges
834 2340 890 2393 et
934 2333 1235 2412 Principes
1282 2353 1400 2392 non
1446 2334 1631 2393 solum
1677 2335 1749 2393 ab
1794 2332 2084 2392 Ecclesiae
2122 2315 2522 2411 jurisdictione

204 2434 563 2514 eximuntur,
625 2454 828 2494 verum
888 2434 1063 2494 etiam
1122 2435 1182 2493 in
1243 2435 1674 2514 quaestionibus
1727 2434 2145 2514 jurisdictionis
2189 2431 2525 2492 dirimendis

204 2535 529 2615 superiores
569 2542 702 2595 sunt
745 2535 1019 2595 Ecclesia.
2468 2546 2476 2552 ”

544 2648 660 2694 Litt.
696 2647 871 2710 Apost.
905 2647 1197 2710 Multiplices
1229 2650 1354 2696 inter
1391 2651 1463 2696 10.
1492 2648 1620 2710 junii
1658 2650 1793 2696 1851.

376 2772 498 2832 LV.
567 2772 824 2831 Ecclesia
867 2792 902 2830 a
945 2772 1139 2851 Statu,
1199 2773 1395 2832 Status
1442 2773 1514 2831 ab
1560 2770 1818 2831 Ecclesia
1862 2770 2252 2851 sejungendus
2298 2776 2401 2830 est.
2485 2845 2490 2849 Δ
2526 2772 2529 2773 ’

543 2883 700 2931 Alloc.
738 2882 1104 2931 Acerbissimum
1138 2887 1214 2931 27.
1250 2883 1540 2947 septembris
1579 2886 1715 2932 1852.
2475 2886 2485 2895 ⁹

1249 3067 1299 3144 ξ.
1348 3068 1485 3127 vn.

681 3194 923 3254 Errores
967 3196 1035 3254 de
1080 3196 1286 3256 Echidna
1328 3197 1590 3257 naturali
1630 3203 1680 3256 et
1724 3195 2049 3256 christiana.

376 3338 532 3397 LVI.
602 3337 831 3396 Morum
889 3338 1046 3415 leges
1106 3339 1303 3399 divina
1347 3339 1503 3399 haud
1546 3334 1729 3417 'egent
1788 3338 2107 3416 sanctione,
2167 3338 2537 3420 minimeque,

109 3462 115 3466 ·
151 3505 154 3509 ,
206 3457 348 3517 opus
391 3444 507 3515 est,
569 3444 633 3496 ut
675 3437 959 3497 humanae
1016 3439 1174 3516 leges
1219 3441 1293 3499 ad
1338 3446 1579 3499 naturae
1614 3439 1714 3517 jus
1756 3438 2179 3498 conformentur
2223 3438 2529 3501 aut-obli·

204 3536 384 3615 gandi
428 3536 547 3595 vim
590 3556 624 3594 a
660 3537 783 3596 Deo
828 3538 1127 3617 accipiant.
2516 3540 2522 3546 Δ

544 3647 703 3694 Alloc.
738 3647 957 3696 Μακέντα
991 3652 1180 3712 quidem
1215 3652 1260 3697 9.
1287 3652 1416 3713 Junii
1455 3654 1618 3704 1862-

376 3769 562 3830 LVII.
603 3770 1138 3850 Philosophicarum
1169 3794 1361 3833 rerum
1392 3794 1729 3853 morumque
1757 3773 2009 3851 scientia,
2041 3773 2293 3852 itemque
2320 3769 2528 3859 civiles

205 3869 363 3947 leges
404 3876 644 3949 possunt
684 3876 739 3930 et
782 3871 991 3932 debent
1031 3894 1066 3932 a
1095 3873 1293 3945 divina
1334 3882 1391 3934 et
1432 3873 1811 3935 ecclesiastica
1841 3873 2175 3933 auctoritate
2207 3871 2508 3933 declinare.

548 3981 704 4029 Alloc.
740 3980 959 4029 Maxima
993 3984 1180 4044 quidem
1211 3986 1255 4031 9.
1286 3985 1414 4045 junii
1452 3974 1587 4034 1862.
