2540 4282
209 182 295 234 172
854 186 1122 229 Constitutio
1153 179 1404 240 dogmatica
1434 187 1488 229 de
1517 187 1630 229 Fide
1660 187 1908 231 Catholica.

207 350 391 403 premo
431 332 629 385 Nostro
678 331 990 401 Apostolico
1045 345 1267 381 munere
1325 329 1608 382 veritatem
1662 332 1979 385 catholicam
2031 333 2222 389 docere
2272 353 2332 388 ac
2385 331 2496 392 tue
2525 327 2540 386 s·

208 435 595 489 perversasque
651 416 917 469 doctrinas
971 415 1262 486 reprobare
1324 433 1601 486 nunquam
1652 417 2048 472 intermisimus
2134 421 2292 474 Nunc
2345 418 2504 475 aute?

206 504 515 558 sedentibus
540 502 834 555 Nobiscum
872 506 925 553 et
954 501 1320 570 judicantibus
1358 503 1594 555 universi
1632 503 1777 555 orbis
1800 503 2096 576 EpiscopiS,
2133 507 2188 558 in
2212 507 2352 559 hanc
2378 495 2452 560 'oe
2496 551 2498 553 .
2535 510 2538 558 ἶ

207 591 470 643 menicam
509 589 785 658 Synodum
822 589 1138 641 auctoritate
1175 587 1373 647 Nostra
1410 590 1466 641 in
1503 587 1706 659 Spiritu
1746 589 1939 643 Sancto
1978 587 2333 662 congregatis,
2356 583 2482 659 1111Δ
2520 589 2537 655 χ’

206 677 312 730 Dei
348 676 513 728 verbo
551 675 744 744 scripto
785 680 837 727 et
864 675 1087 742 tradito,
1125 681 1285 745 prout
1323 675 1390 727 ab
1430 675 1670 729 Ecclesia
1706 677 1966 730 catholica
2002 683 2181 731 sancte
2220 667 2499 746 0113101111,ἱ

209 768 263 815 et
314 763 546 833 genuine
601 762 905 831 expositum
961 763 1289 832 accepimus,
1345 780 1413 815 ex
1466 762 1567 815 hac
1614 762 1763 814 Petri
1803 762 2096 832 Gathedra,
2149 764 2204 816 in
2257 775 2451 835 conspe
2478 767 2481 770 ’

210 850 472 916 omnium,
525 849 813 900 salutarem
863 848 1058 900 Christi
1112 848 1408 902 doctrinam
1464 849 1703 919 profiteri
1758 854 1810 902 et
1848 849 2119 903 declarare
2156 851 2505 914 constituim

207 934 446 987 adversis
485 934 755 987 erroribus
793 939 1057 1005 potestate
1094 935 1248 988 nobis
1285 954 1317 988 a
1342 936 1460 989 Deo
1498 935 1697 988 tradita
1723 937 2030 1006 proscriptis
2067 941 2229 1009 atque
2266 936 2498 990 damna

1210 1115 1458 1168 CAPUT
1499 1117 1541 1169 Ι.

875 1243 948 1302 De
987 1243 1093 1302 Deo
1131 1259 1311 1302 rerum
1349 1243 1576 1302 omnium
1610 1243 1877 1305 Creatorc.

354 1378 551 1430 Sancta
573 1375 849 1428 Catholica
875 1374 1187 1444 Apostolica
1216 1374 1462 1427 Romana
1487 1376 1727 1430 Ecclesia
1763 1377 1933 1430 credit
1964 1383 2017 1431 et
2045 1374 2340 1447 confitetur,
2377 1395 2450 1432 un
2487 1359 2494 1395 ³

208 1482 324 1517 esse
349 1464 527 1517 Deum
565 1480 753 1515 verum
793 1466 844 1514 et
881 1463 1082 1529 vivum,
1121 1461 1432 1515 Creatorem
1469 1481 1530 1516 ac
1559 1464 1852 1516 Dominum
1885 1466 2021 1518 coeli
2059 1471 2112 1519 et
2147 1468 2340 1534 terrae,
2365 1462 2495 1518 ‘om'

208 1555 497 1621 potentem,
535 1555 832 1618 aeternum,
870 1550 1203 1617 immensum,
1238 1550 1847 1621 incomprehensibilem,
1884 1553 2158 1606 intellectu
2184 1572 2246 1606 ac
2270 1537 2514 1608 volunta.

208 1638 460 1707 omnique
498 1637 822 1707 perfectione
860 1637 1152 1705 infinitum3
1191 1637 1284 1707 qui
1323 1655 1443 1690 cum
1482 1638 1549 1690 sit
1579 1655 1687 1690 una
1726 1639 2025 1709 singularis,
2064 1641 2294 1710 simplex
2331 1638 2508 1692 omni

210 1729 266 1777 et
301 1723 750 1777 incommutabilis
788 1724 1088 1777 substantia
1126 1724 1442 1794 spiritualiS,
1490 1724 1880 1795 praedicandus
1930 1732 2011 1779 est
2058 1745 2117 1780 re
2155 1731 2208 1780 et
2246 1713 2501 1802 essentia

209 1807 410 1863 mundo
450 1809 745 1880 distinctus,
782 1811 838 1863 in
878 1828 934 1863 se
973 1815 1026 1864 et
1064 1829 1134 1863 ex
1171 1828 1228 1864 se
1265 1810 1622 1880 beatissimUS,
1660 1815 1713 1865 et
1745 1829 1906 1881 super
1935 1814 2127 1881 omnia,
2168 1829 2305 1882 quae
2331 1827 2481 1883 prae
2496 1834 2509 1857 -‚

206 1898 386 1968 ipsum
426 1901 548 1949 sunt
590 1901 643 1951 et
680 1898 888 1968 concipi
918 1901 1158 1968 possunt,
1195 1894 1540 1952 ineffabiliter
1578 1900 1836 1951 excelsus

354 1983 461 2036 Hic
513 1984 655 2036 solus
710 1986 870 2037 verus
906 1985 1054 2037 Deus
1107 1984 1347 2037 bonitate
1402 2002 1500 2037 sua
1553 1989 1606 2038 et
1658 1984 2011 2054 omnipotenti
2063 1984 2260 2036 virtute
2314 1997 2423 2036 non
2465 2004 2508 2045 .·.

210 2070 514 2140 augendam
553 2088 703 2122 suam
741 2070 1146 2138 beatitudinem,
1184 2087 1282 2122 nec
1321 2069 1388 2123 ad
1427 2070 1825 2140 acquirendam,
1862 2069 1956 2122 sed
1995 2070 2064 2122 ad
2100 2062 2506 2123 manifestanda

208 2156 593 2226 perfectionem
617 2175 783 2209 suam
819 2175 918 2227 per
954 2157 1122 2226 bona,
1176 2174 1313 2227 quae
1353 2159 1610 2210 creaturis
1647 2157 1974 2226 impertitur,
2012 2156 2286 2209 liberrimo
2325 2155 2508 2210 consil

208 2243 370 2296 simul
406 2244 474 2297 ab
512 2245 664 2297 initio
703 2245 956 2314 temporis
982 2249 1265 2314 utramque
1305 2244 1371 2297 de
1394 2245 1559 2296 nihilo
1599 2243 1837 2297 condidit
1860 2247 2173 2311 creaturam,
2212 2240 2504 2312 spiritual

209 2336 264 2383 et
302 2333 647 2401 corporalem,
686 2332 984 2401 angelicam
1007 2331 1255 2385 videlicet
1283 2337 1336 2384 et
1372 2331 1715 2400 mundanam,
1754 2349 1817 2384 ac
1852 2328 2045 2383 deinde
2076 2328 2366 2381 humanam
2393 2345 2482 2397 qu
2503 2350 2510 2406 j

210 2435 548 2472 communem
586 2437 656 2471 ex
694 2419 882 2488 spiritu
921 2423 973 2470 et
1011 2436 1233 2489 corpore
1270 2419 1666 2471 constitutam1.

352 2505 621 2557 Universa
655 2523 810 2574 ver0,
850 2523 987 2575 quae
1028 2505 1289 2573 condidit,
1326 2505 1475 2558 Deus
1514 2506 1852 2576 providentia
1891 2523 1988 2557 sua
2030 2504 2410 2575 tueturiatque
2447 2508 2519 2581 gs

210 2591 425 2660 bernat,
474 2594 742 2662 attingens
782 2611 814 2645 a
850 2594 954 2645 fine
990 2610 1160 2662 usque
1198 2592 1267 2645 ad
1304 2594 1466 2646 finem
1503 2593 1739 2658 fortiter,
1794 2597 1847 2646 et
1885 2592 2170 2662 disponens
2209 2592 2388 2644 omnia
2423 2581 2516 2643 su3

207 2677 405 2732 viter?
481 2679 673 2732 Omnia
723 2681 863 2732 enim
911 2679 1056 2732 nuda
1105 2686 1158 2733 et
1204 2685 1390 2750 aperta
1437 2684 1561 2732 sunt
1609 2681 1775 2732 oculis
1823 2678 2011 2748 ejusss,
2059 2696 2121 2731 ea
2169 2679 2354 2746 etiam,
2399 2679 2512 2748 qu

209 2765 380 2818 libera
418 2771 785 2819 creaturarum
823 2767 1033 2819 actione
1066 2766 1248 2861 futura
1287 2771 1425 2832 sunt.

1201 2944 1447 2998 CAPUT
1487 2945 1561 2997 II.

1136 3072 1210 3131 De
1247 3070 1609 3131 Revelationc.

355 3202 559 3255 Eadem
598 3203 793 3255 Sancta
831 3202 1003 3256 Mater
1039 3203 1281 3256 Ecclesia
1317 3208 1463 3256 tenet
1501 3209 1554 3255 et
1593 3204 1774 3272 docet,
1823 3203 2027 3270 Deum,
2081 3219 2257 3254 rerum
2306 3200 2449 3252 omni
2492 3254 2494 3258 ,

212 3289 531 3359 principium
571 3295 624 3342 et
659 3290 837 3358 finem,
874 3292 1107 3343 naturali
1131 3290 1396 3343 humanae
1421 3291 1642 3342 rationis
1679 3290 1880 3342 lumine
1919 3308 1947 3342 e
1982 3288 2142 3341 rebus
2181 3282 2371 3355 creatis
2388 3303 2487 3338 00
2483 3299 2517 3362 {7

215 3375 462 3443 cognosci
499 3394 679 3446 posse3
712 3377 1002 3429 invisibilia
1029 3378 1171 3430 enim
1206 3378 1387 3447 ipsius,
1428 3394 1457 3428 a
1498 3381 1742 3430 creatura
1766 3376 1967 3443 mundi,
2005 3391 2101 3444 per
2141 3391 2203 3427 ea
2239 3390 2377 3443 quae
2401 3371 2457 3439 fa

214 3465 363 3527 sunt,
400 3462 698 3530 intellecta,
737 3462 1199 3533 conspiciuntur⁴:
1247 3468 1482 3516 attamen
1520 3463 1782 3533 placuisse
1821 3463 1935 3530 ejus
1974 3460 2264 3530 sapientiae
2303 3463 2371 3511 et
2393 3458 2515 3535 1100·Δ

213 3547 340 3613 tati,
393 3548 520 3616 alia,
575 3566 744 3618 eaque
798 3550 1190 3619 supernaturali
1226 3551 1314 3602 via
1369 3568 1425 3602 se
1477 3551 1652 3619 ipsum
1705 3567 1766 3601 ac
1811 3552 2031 3601 aeterna
2074 3545 2366 3603 voluntatis
2398 3538 2511 3598 ,su'v

215 3630 429 3684 decreta
465 3633 698 3686 humano
740 3636 926 3704 generi
962 3636 1231 3702 revelare,
1270 3636 1478 3689 dicente
1516 3634 1804 3706 Apostolo:
1843 3633 2218 3699 Multifariam,
2256 3630 2515 3700 multisq

216 3716 389 3769 modis
445 3719 571 3770 olim
608 3719 757 3771 Deus
806 3712 1031 3790 loquens
1067 3722 1309 3791 patribus
1364 3723 1420 3774 in
1458 3721 1771 3791 Prophetis:
1825 3719 2138 3786 novissime,
2191 3717 2397 3769 diebus}
2429 3717 2519 3792 is

198 3804 427 3884 Jocutus
465 3809 545 3858 est
581 3805 735 3858 nobis
772 3807 828 3859 in
865 3808 1003 3860 Filio
1026 3807 1061 3859 5.
2455 3822 2458 3823 ’
2510 3807 2511 3810 “

278 3986 283 3991 ·
364 3975 380 4003 ¹
412 3978 546 4019 Conc.
579 3980 729 4020 Later.
763 3980 845 4022 IV.
878 3992 913 4020 c.
949 3982 988 4020 1.
1019 3976 1234 4020 Firmiter.

369 4048 386 4075 ²
416 4050 521 4104 Sap.
555 4052 687 4105 VIII,
722 4054 758 4092 1.
853 4048 871 4077 ³
902 4052 973 4093 Cf.
1007 4053 1142 4094 Hebr.
1173 4053 1253 4106 IV,
1288 4054 1354 4095 13.
1445 4048 1461 4078 ⁴
1497 4053 1623 4092 Rom.
1655 4052 1691 4106 I,
1724 4053 1794 4092 20.
1887 4051 1903 4078 ⁵
1934 4051 2069 4090 Hebr.
2102 4051 2140 4098 Ι,
2173 4048 2297 4089 1—2.
