2540 4282
147 157 149 159 ι
173 170 232 221 22
299 166 301 169 ⁵
826 171 1031 226 Epistola
1058 169 1299 222 Encyclica
1328 165 1426 208 Em.
1459 166 1590 220 eard.
1612 144 1825 208 'CaterinL

296 357 301 362 ν
346 318 694 379 LXXVIII.
762 315 916 375 Hinc
967 312 1335 372 laudabiliter
1390 312 1451 371 in
1511 310 1854 390 quibusdam
1915 309 2178 371 catholici
2235 310 2503 387 nominis,

175 420 508 500 regionibus
552 420 680 496 lege
725 410 953 476 cautum
996 419 1107 491 est,
1153 418 1220 471 ut
1265 411 1592 472 hominibus
1636 410 1774 470 illuc
1815 411 2274 489 immigrantibus
2300 393 2504 472 ‘liceat-¹
2532 400 2540 455 ἶ

174 521 467 600 publicum
510 518 727 599 proprii
771 516 1046 594 cujusque
1092 512 1277 572 cultus
1324 511 1659 572 exercitium
1701 511 1929 571 habere.
2536 524 2540 529 “

512 631 666 678 Alloc.
701 628 1067 677 Acerbissimum
1101 628 1178 674 27.
1215 625 1503 688 septembris
1542 626 1679 673 1852.

340 770 627 832 LXXIX.
683 768 994 828 Enimvero
1031 768 1240 828 falsum
1286 774 1386 846 est,
1427 766 1654 826 civilem
1698 768 1974 846 cujusque
2019 767 2206 826 cultus
2237 754 2489 841 *libertass
2526 757 2540 812 5

169 880 318 951 tem,
382 872 632 949 itemque
677 870 912 948 plenam
956 875 1296 948 potestatem
1341 867 1607 926 omnibus
1655 867 1987 927 attributam
2031 867 2318 947 quaslibet
2343 853 2495 947 “opij‘

170 966 368 1033 niones
412 969 900 1048 cogitationesque
944 968 1137 1048 palam
1196 968 1538 1046 publiceque
1596 967 2004 1028 manifestandi
2049 956 2391 1051 conducere-¹
2410 950 2487 1026 ad

170 1072 513 1152 populorum
556 1090 743 1130 mores
788 1050 1124 1147 animosque
1168 1068 1391 1154 facilius
1437 1069 1880 1148 corrumpendos
1926 1089 1992 1129 ac
2021 1067 2538 1139 indifferentismij

166 1179 386 1252 pestem
429 1169 879 1251 propagandam.

508 1284 664 1332 Alloc.
700 1283 958 1345 Nunquam
976 1281 1095 1342 fore
1129 1282 1200 1328 15.
1238 1278 1506 1327 decembris
1545 1282 1683 1328 1856.

337 1423 593 1484 LXXX.
649 1423 945 1482 Romanus
975 1422 1247 1482 Pontifex
1292 1428 1479 1501 potest
1523 1441 1588 1481 ac
1634 1422 1802 1482 debet
1839 1442 1966 1482 cum
1996 1438 2318 1502 progressu,
2354 1441 2489 1492 cum
2531 1421 2540 1466 ἶ·

166 1525 512 1586 liberalismo
559 1529 615 1582 et
660 1543 788 1582 cum
841 1523 1058 1583 recenti
1103 1507 1375 1583 civilitate
1420 1543 1546 1583 sese
1597 1523 1965 1583 reconciliare
2022 1528 2078 1582 et
2120 1510 2492 1603 componere.

512 1634 671 1685 Alloc.
706 1634 1005 1683 Jamdudum
1040 1637 1270 1684 cernimus
1305 1638 1377 1684 18.
1413 1636 1575 1685 martii
1614 1639 1751 1686 1861.

1256 2216 1382 2284 III.

803 2392 1255 2464 EPISTOLA
1304 2392 1836 2464 ENOYOLIOA
1923 2458 1925 2460 ,

246 2559 809 2621 EMINENTISSIMI
859 2567 1073 2621 OARD.
1128 2566 1516 2636 OATERINI,
1567 2567 1985 2622 PRAEFECTI
2037 2569 2399 2625 OONGREG.

654 2660 1006 2730 CONCILII,
1045 2659 1269 2714 JUSSU
1307 2660 1397 2715 SS.
1436 2661 1503 2714 D.
1540 2662 1607 2715 N.
1645 2661 1752 2713 PH
1787 2661 1847 2714 P.
1889 2661 1984 2714 IX.

880 2798 1105 2867 sCRIPTA
1132 2830 1206 2868 AD
1239 2829 1418 2868 OMNES
1448 2828 1757 2868 EPISCOPOS.

1192 3005 1449 3012 ——

504 3117 826 3171 Perillustris
864 3137 925 3173 ac

503 3201 963 3259 Reverendissime
1007 3206 1250 3259 Domine.

310 3311 486 3373 Quum
524 3314 718 3368 SSmus
762 3316 1022 3371 Dominus
1069 3321 1265 3373 Noster
1310 3321 1443 3374 Pius
1488 3321 1600 3374 ΡΡ.
1636 3320 1737 3374 ΙΧ.
1791 3322 1846 3374 in
1897 3339 2139 3391 supremo
2177 3321 2476 3394 Apostolioi

168 3395 449 3448 ministerii
485 3397 696 3468 fastigio
735 3400 1046 3470 Speculator
1085 3422 1116 3456 a
1151 3405 1268 3459 Deo
1309 3407 1463 3461 datus
1502 3409 1570 3460 sit
1607 3408 1789 3461 domui
1824 3406 2015 3475 Israel,
2068 3407 2218 3476 ideo,
2270 3409 2314 3462 si
2363 3408 2526 3466 ulla*

169 3497 281 3533 sese
323 3481 505 3532 offerat
544 3488 841 3552 opportuna
878 3489 1098 3556 occasio,
1138 3508 1243 3560 qua
1280 3510 1463 3546 veram
1498 3494 1683 3565 populi
1709 3494 1994 3548 Christiani
2022 3493 2330 3548 felicitatem
2353 3514 2476 3568 pro·
2522 3539 2526 3563 ;

90 3636 97 3645 ⁴
165 3582 378 3618 movere
395 3606 408 3633 ,
461 3567 546 3618 vel
598 3570 736 3622 mala
788 3571 960 3625 eidem
1006 3574 1155 3627 illata
1199 3595 1260 3629 ac
1298 3580 1456 3632 etiam
1493 3579 1859 3633 tantummodo
1895 3579 2075 3631 forsan
2110 3579 2476 3650 impendentia
2517 3563 2523 3572 .

166 3667 452 3721 agnoscere
490 3657 665 3721 queat,
704 3671 819 3708 eam
856 3659 1001 3711 nulla
1038 3660 1351 3730 interposita
1386 3683 1538 3718 mora
1573 3666 1758 3735 arripit
1797 3669 1849 3718 et
1883 3666 2232 3735 amplectitur,
2268 3671 2328 3720 ut
2351 3685 2474 3738 pro·
2522 3695 2534 3731 ς

163 3735 431 3797 videntiae
468 3741 522 3789 et
558 3740 885 3793 auctoritatis
924 3761 1051 3796 suae
1089 3746 1323 3800 studium
1360 3751 1596 3821 impense
1637 3751 1881 3814 collocet,
1933 3755 2025 3803 aut
2062 3752 2269 3821 aptiora
2304 3765 2488 3817 reme-.
2529 3765 2532 3769 ’

166 3820 259 3878 dia·
289 3822 531 3874 alacriter
568 3823 831 3878 adhibeat.
2290 3819 2293 3826 s
2489 3826 2491 3829 ⁴

309 3907 433 3960 Jam
469 3924 596 3960 vero
634 3909 690 3960 in
726 3909 827 3963 hac
863 3916 1013 3966 tanta
1048 3919 1349 3987 temporum
1387 3939 1669 3993 rerumque
1715 3922 2004 3976 acerbitate
2047 3923 2257 3976 nonnisi
2293 3924 2473 3995 singu-

166 3992 265 4046 lari
301 3991 404 4046 Dei
439 3992 696 4049 beneficio
735 3997 836 4050 sibi
873 4000 1057 4054 datum
1085 4003 1352 4074 judicanS‚
1392 4009 1534 4078 quod
1570 4009 1625 4059 in
1661 4008 1905 4077 proxima
1937 4008 2126 4061 festiva
2164 4009 2471 4074 celebritate
