2540 4282
0 151 10 196 ᾗ
115 143 171 193 10
393 124 395 126 V
1167 148 1393 202 Syllabus.

115 294 237 361 bet,
291 293 527 345 omnium
561 291 900 343 necessitates
937 289 1261 358 amplissimo
1313 287 1545 358 quodam
1577 288 1864 341 miseratur
1912 289 2140 342 affectu“
2177 289 2228 359 ¹,
2283 295 2463 362 atque·
2506 356 2521 363 ,

116 383 301 449 utpote
353 378 563 447 Regina
614 377 828 429 adstans
881 393 912 426 a
966 374 1170 427 dextris
1218 375 1499 444 Unigeniti
1535 375 1661 428 Filii
1699 375 1793 428 Sui
1832 365 2052 428 Domini
2088 376 2272 430 Nostri
2309 377 2444 432 Jesu

115 465 312 519 Christi
348 465 403 516 in
440 464 637 516 vestitu
677 462 932 514 deaurato
972 461 1366 514 circumamicta
1403 462 1693 530 varietate,
1741 462 1876 514 nihil
1914 466 2023 531 est,
2074 462 2218 533 quod
2255 463 2334 516 ab
2360 461 2442 516 Eo
2496 492 2514 503 s

114 552 402 621 impetrare
439 567 546 601 non
583 548 771 600 valeat.
847 545 1113 615 Suffragia
1152 564 1364 616 quoque
1386 551 1645 622 „petamus
1682 548 1986 601 Beatissimi
2021 548 2175 600 Petri
2212 547 2443 619 Aposto-

113 637 289 690 lorum
324 635 604 703 Principis,
643 637 695 685 et
732 631 1038 702 Coapostoli
1076 633 1189 701 ejus
1226 629 1400 701 Pauli,
1441 634 1786 704 omniumque
1813 635 2129 687 Sanctorum
2162 633 2442 704 Caelitum,

117 725 208 794 qui
244 723 370 776 facti
401 722 513 790 jam
550 719 707 772 amici
743 711 1245 788 Dei'pervenerunt
1283 719 1352 772 ad
1391 720 1643 772 caelestia
1680 737 1870 789 regna,
1910 726 1963 772 et
2001 721 2240 774 coronati
2277 723 2444 791 possi·

23 812 26 813 ’
116 809 244 863 dent
280 809 526 878 palmam,
561 822 623 857 ac
661 804 728 856 de
765 822 864 859 sua.
897 805 1296 858 immortalitate
1335 806 1524 873 securi,
1562 805 1629 858 de
1663 810 1846 858 nostra
1872 811 1995 858 sunt
2021 809 2192 860 salute
2217 808 2449 870 solliciti„

256 894 503 963 Denique
542 892 851 945 caelestium
890 892 1127 944 omnium
1165 892 1428 944 donorum
1467 892 1676 962 copiam
1712 891 1884 945 Vobis
1929 911 1962 946 a
1999 893 2118 947 Deo
2157 911 2227 946 ex
2265 894 2442 947 animo
2488 960 2491 966 s

115 981 462 1051 adprecantes
506 979 791 1049 singularis
827 978 1057 1030 Nostrae
1108 978 1163 1030 in
1200 979 1314 1031 Vos
1370 978 1603 1030 caritatis
1639 979 1834 1048 pignus
1872 979 2237 1050 Apostolicam
2272 980 2444 1034 Bene-

116 1067 400 1119 dictionem
453 1083 521 1118 ex
571 1066 760 1118 intimo
813 1064 971 1118 corde
1022 1063 1317 1134 profectam
1365 1062 1537 1115 Vobis
1589 1064 1748 1134 ipsis,
1805 1065 2158 1120 Venerabiles
2209 1067 2443 1136 Fratres,

115 1153 422 1222 cunctisque
461 1151 697 1221 Clericis,
733 1152 1015 1221 Laicisque
1049 1149 1295 1202 fidelibus
1335 1167 1494 1202 curae
1532 1154 1742 1202 vestrae
1776 1153 2068 1204 commissis
2104 1158 2444 1223 peramanter

113 1239 463 1309 impertimur.
1057 1298 1061 1303 st
1911 1276 1913 1279 v
2463 1250 2466 1252 ’

256 1325 458 1378 Datum
494 1323 700 1376 Romae
738 1321 882 1392 apud
920 1322 970 1374 S.
1008 1321 1230 1374 Petrum
1283 1323 1369 1375 die
1407 1322 1565 1375 VIII.
1604 1321 1901 1376 decembris
1954 1342 2094 1376 anno
2138 1328 2301 1394 1864,
2354 1325 2443 1379 de-

115 1412 250 1464 cimo
290 1428 322 1463 a
357 1409 673 1479 Dogmatica
708 1407 1034 1460 Definitione
1072 1405 1456 1460 Immaculatae
1494 1407 2176 1480 Conceptionis-Deiparae
2201 1410 2442 1482 Virginis

114 1497 333 1550 Mariae.

256 1582 603 1635 Pontificatus
641 1580 824 1634 Nostri
861 1578 1020 1632 Anno
1060 1579 1265 1631 decimo
1304 1586 1461 1632 nono,

1799 1719 1801 1722 ’
1851 1697 2038 1770 PIUS
2085 1697 2201 1769 ΡΡ.
2244 1698 2356 1770 ΙΧ.

1231 2204 1319 2272 II.
1344 2194 1347 2197 ¹

1006 2375 1545 2469 SYLLABUS

8 2536 45 2579 V
88 2536 643 2614 'ooMPLEoTENs
716 2562 1185 2616 PRAEOIPUOS
1263 2561 1608 2624 NOSTRAE
1687 2561 2009 2614 AETATIs
2083 2562 2438 2629 ERRORE&

24 2682 25 2685 κ
114 2651 244 2713 QUI
283 2652 694 2707 NOTANTUR
741 2655 822 2708 IN
870 2653 1522 2708 ALLocUTIONIBUs
1573 2652 2308 2723 oonsISToRIAnlssus3
2356 2655 2438 2710 IN

112 2744 574 2814 ENCYCLICIS‚
634 2746 983 2809 ALIISQUE
1039 2748 1516 2801 APOSTOLICIS
1575 2747 1917 2801 LITTERIS
1976 2739 2440 2804 SANCTISSIMI
2510 2744 2533 2761 ⁹

680 2841 951 2896 DOMINI
1003 2841 1274 2896 NOSTRI
1323 2842 1430 2894 PII
1475 2839 1725 2894 PAPAE
1773 2840 1873 2893 IX.
2500 2839 2504 2842 ’

1197 3125 1246 3202 ἓ.
1297 3127 1344 3185 Ι.

356 3251 773 3329 Pantheismch,
819 3254 1249 3316 Naturale-‘smus
1279 3227 1347 3316 ⁴et
1390 3257 1844 3316 Rationalz'smus
1892 3256 2192 3316 absolutus.

284 3394 331 3454 Ι.
406 3395 647 3455 Nullum
714 3418 1081 3479 supremum,
1152 3400 1678 3481 sapientissimum,
1750 3397 2432 3479 providentissimumque
2533 3388 2535 3390 ⁵

22 3546 23 3549 ,
83 3493 346 3583 ¹Numen
386 3494 643 3554 divinum
691 3499 915 3558 exsistit
975 3501 1046 3559 ab
1105 3499 1215 3559 hac
1273 3522 1466 3561 rerum
1511 3498 1897 3560 'universitate
1951 3497 2311 3577 distinctum,
2379 3504 2446 3558 et

32 3601 42 3608 “
112 3592 270 3681 Deus
313 3592 467 3653 idem
520 3602 604 3653 est
648 3616 713 3655 ac
757 3619 947 3659 rerum
990 3606 1222 3659 naturae
1244 3608 1300 3659 et
1342 3601 1541 3662 iccirco
1585 3598 2081 3659 immutationibus
2128 3597 2442 3678 obnoxius2
2485 3627 2487 3629 >
2519 3617 2534 3631 ‘

112 3692 386 3772 Deusque
429 3713 631 3772 reapse
673 3695 737 3754 fit
780 3696 840 3780 in
884 3692 1116 3758 homine
1156 3705 1212 3758 et
1256 3701 1489 3779 mundo,
1539 3707 1714 3779 atque
1761 3695 1953 3759 omnia
1988 3698 2148 3757 Deus
2195 3704 2330 3757 sunt
2374 3702 2432 3756 et

112 3792 461 3873 ipsissimam
503 3793 616 3854 Dei
658 3794 873 3856 habent
919 3799 1328 3877 substantiam3
1378 3821 1443 3860 ac
1486 3821 1603 3860 una
1647 3799 1962 3878 eademque
2005 3818 2096 3858 res
2144 3804 2230 3858 est
2272 3797 2453 3858 Deus‘

233 4005 248 4034 ¹
282 4009 327 4051 S.
361 4008 575 4050 Bernard.
609 4009 747 4052 Serm.
779 4009 833 4052 de
865 4011 1091 4053 duodecim
1122 4015 1448 4066 praerogativis
1478 4013 1529 4053 B.
1562 4014 1616 4056 V.
1649 4013 1712 4054 M.
1744 4025 1801 4054 ex
1831 4012 1981 4053 verbis
2011 4011 2261 4066 Apoealyp.
