2540 4282
651 107 852 150 Litterae
884 108 1171 162 Apostolicae
1203 105 1283 150 ss.
1315 109 1372 148 D.
1403 106 1458 147 N.
1491 107 1565 148 Pii
1594 106 1685 148 ΡΡ.
1716 106 1804 148 ΙΧ.
2017 164 2021 169 .
2340 99 2400 150 57

60 255 203 326 hino
240 251 624 322 praescriptam
660 254 942 318 sectentur,
982 268 1117 320 quae
1156 250 1223 302 ad
1262 255 1534 303 aeternam
1574 251 1817 321 perducit
1856 253 2099 304 salutem·
2134 321 2137 323 ‚
2173 250 2243 302 Et
2282 249 2398 319 qui-

0 341 9 411 3
60 333 181 394 dem
217 354 372 390 nemo
413 337 634 389 inficiari
670 355 732 389 ac
771 338 1017 390 dubitare
1054 340 1248 407 potest,
1286 337 1463 406 ipsum
1499 327 1771 390 Christum
1807 337 1843 391 J
1848 355 2014 404 esum,
2054 340 2114 388 ut
2150 334 2399 387 humanis

0 414 304 489 {gomnibus
343 423 790 493 generationibus
815 422 1200 493 redemptionis
1238 440 1366 475 suae
1404 423 1608 475 fructus
1646 425 1969 494 applicaret,
2025 439 2177 475 suam
2215 422 2302 474 hic
2340 422 2394 472 in

58 507 212 565 terris
250 525 412 577 supra
447 507 670 560 Petrum
707 507 920 559 unicam
960 507 1266 560 aedificasse
1304 507 1632 575 Ecclesiam,
1685 509 1740 560 id
1776 514 1855 561 est
1893 527 2088 576 unam,
2143 512 2398 574 sanctam,

0 558 21 659 3
47 586 402 661 katholicam,
455 593 830 662 apostolicam,
884 593 1040 665 eique
1076 593 1434 644 necessariam
1473 612 1684 646 omnem
1723 596 2010 647 contulisse
2061 598 2399 664 potestatem,

0 683 129 757 ssat*
155 681 423 749 integrum
474 679 898 749 inviolatumque
952 667 1307 732 custodiretur
1358 679 1482 731 fidei
1537 679 1890 750 depositum„
1923 699 1985 734 ac
2040 681 2228 734 eadem
2266 679 2399 732 fides

32 763 306 820 omnibus
344 766 586 835 populiS,
624 765 904 835 gentibuS,
955 765 1262 818 nationibus
1300 765 1628 834 traderetur,
1683 771 1741 818 ut
1779 785 1874 837 per
1911 768 2178 838 baptisma
2217 783 2400 819 omnes

0 829 116 918 3in
153 853 432 923 mysticum
475 869 632 904 suum
671 848 862 922 corpus
901 856 1279 925 cooptarentur
1316 852 1583 921 11011111100,
1623 859 1675 905 01
1713 854 1768 906 111
1806 855 1934 923 ipsis
1973 871 2184 924 semper
2222 869 2400 906 serva·
2471 837 2475 843 ³

0 935 206 1053 {gratur
244 958 305 994 ac
343 940 690 1010 perficeretur
728 939 820 991 illa
858 956 998 991 nova
1034 938 1145 990 vita
1184 938 1416 1007 gratiae,
1456 939 1569 990 sine
1610 956 1717 1007 qua
1753 957 1909 991 nemo
1947 944 2126 1009 potest
2160 933 2399 1010 unquam

0 1058 6 1064 -
39 1031 331 1098 ,aeternam
370 1026 564 1087 mereri
603 1029 655 1078 et
692 1026 907 1095 assequi
945 1026 1141 1093 vitam,
1179 1030 1345 1094 utque
1386 1024 1574 1078 eadem
1610 1025 1882 1093 Ecclesia,
1938 1043 2075 1095 quae
2115 1028 2400 1097 mysticum

0 1097 214 1194 {Quum
253 1114 527 1166 constituit
568 1130 789 1182 corpuS,
843 1112 898 1163 in
936 1130 1032 1164 sua
1080 1112 1297 1182 propria
1347 1117 1540 1164 natura
1588 1129 1797 1181 semper
1844 1112 2047 1164 stabilis
2087 1117 2139 1165 et
2177 1114 2400 1165 immota

0 1187 228 1270 {ss'fssusque
267 1199 335 1252 ad
375 1199 887 1252 consummationem
940 1199 1138 1251 saeculi
1188 1203 1560 1269 permaneret,
1614 1198 1822 1267 vigeret
1879 1204 1931 1251 et
1986 1199 2230 1252 omnibus
2278 1199 2400 1251 filiis

0 1283 165 1359 'leuis
204 1287 381 1340 omnia
419 1287 604 1339 salutis
642 1286 910 1357 praesidia
949 1285 1332 1356 suppeditaret.
1407 1284 1567 1337 Nunc
1604 1301 1731 1336 vero
1785 1286 1877 1355 qui
1930 1289 2177 1338 accurate
2231 1285 2402 1337 consi-

0 1361 208 1441 ·J'deret
261 1392 324 1427 ac
360 1374 648 1427 meditetur
689 1373 1075 1439 conditionem,
1128 1373 1185 1424 in
1222 1390 1329 1442 qua
1365 1376 1650 1424 versantur
1688 1373 1869 1424 variae
1919 1377 1971 1424 et
2023 1372 2161 1425 inter
2200 1390 2256 1425 se
2295 1371 2400 1423 dis-

58 1464 335 1530 crepantes
371 1461 656 1530 religiosae
695 1461 974 1514 societates
1013 1460 1284 1528 sejunctae
1323 1476 1355 1510 a
1382 1458 1643 1510 catholica
1670 1459 1927 1527 Ecclesia,
1968 1476 2105 1528 quae
2130 1477 2161 1510 a
2187 1459 2398 1511 Oh‘risto

26 1536 292 1627 {Domino
347 1546 573 1615 ejusque
620 1545 896 1615 Apostolis
954 1545 1068 1597 sine
1122 1545 1514 1596 intermissione
1570 1562 1666 1614 per
1719 1545 1991 1614 legitimos
2040 1562 2223 1598 sacros
2276 1563 2400 1597 suos

27 1627 309 1702 JssPastores
348 1650 557 1703 semper
596 1633 863 1698 exercuit,
916 1636 968 1684 et
1006 1632 1061 1683 in
1097 1631 1402 1701 praesentia
1441 1631 1602 1683 etiam
1642 1636 1858 1684 exercet
1892 1631 2128 1684 divinam
2165 1634 2401 1701 potesta-

21 1715 166 1778 *sstem
205 1719 306 1771 sibi
345 1719 412 1770 ab
451 1718 566 1788 ipso
605 1717 840 1769 Domino
878 1716 1161 1784 traditam,
1199 1716 1286 1769 vel
1322 1716 1478 1770 facile
1523 1718 1623 1769 sibi
1660 1718 1987 1787 persuadere
2027 1718 2272 1786 debebit,
2310 1735 2401 1770 ne-

22 1819 163 1877 fque
198 1806 434 1875 aliquam
471 1805 813 1875 peculiarem,
851 1822 1026 1874 neque
1067 1821 1250 1856 omnes
1288 1804 1446 1856 simul
1484 1805 1794 1873 conjunctas
1832 1822 1901 1856 ex
1941 1804 2142 1856 eisdem
2180 1804 2400 1856 societa-
2433 1798 2435 1800 ’

25 1879 200 1946 itibus
238 1881 544 1944 ullo-modo
583 1892 906 1944 constituere
959 1895 1012 1943 et
1065 1897 1190 1944 esse
1234 1888 1380 1942 illam
1429 1908 1592 1943 unam
1643 1896 1702 1943 etv
1735 1891 2050 1943 catholicam
2088 1891 2400 1958 Ecclesiam,

20 1960 219 2050 {squam
258 1977 499 2031 Christus
536 1977 800 2030 Dominus
838 1977 1166 2044 aedificavit,
1208 1977 1480 2030 constituit
1531 1982 1583 2029 et
1622 1995 1736 2029 esse
1773 1977 1970 2044 voluit,
2024 1994 2198 2047 neque
2236 1993 2401 2029 mem-

0 2053 3 2055 *
57 2066 216 2119 brum
267 2071 362 2118 aut
396 2069 604 2135 partem
641 2065 878 2134 ejusdem
916 2064 1189 2117 Ecclesiae
1227 2064 1336 2116 ullo
1377 2064 1538 2116 modo
1580 2063 1684 2116 dici
1722 2081 1907 2134 posse,
1963 2062 2399 2134 quandoquidem

46 2148 184 2205 ‘sunt
219 2171 252 2205 a
291 2152 551 2205 catholica
588 2152 793 2204 unitate
832 2151 1112 2203 visibiliter
1153 2150 1370 2204 divisae.
1445 2149 1581 2204 Cum
1622 2152 1763 2203 enim
1803 2150 2066 2219 ejusmodi
2118 2151 2400 2203 societates

57 2244 273 2292 careant
309 2239 433 2313 viva
469 2239 561 2290 illa
610 2243 663 2290 et
701 2256 732 2290 a
769 2237 886 2290 Deo
927 2239 1217 2290 constituta
1254 2238 1605 2305 auctoritate,
1667 2255 1804 2307 quae
1843 2238 2085 2290 homines
2137 2254 2223 2290 res
2275 2237 2401 2290 fidei

59 2342 375 2394 morumque
430 2324 765 2393 disciplinam
820 2325 1132 2394 praesertim
1187 2323 1342 2375 docet
1395 2340 1591 2393 eosque
1642 2324 1826 2393 dirigit
1877 2341 1938 2375 ac
1985 2323 2295 2376 moderatur
2345 2324 2401 2375 in

35 2397 123 2488 {tiis
162 2411 432 2478 omnibuS,
481 2429 618 2481 quae
656 2410 726 2463 ad
764 2416 1034 2463 aeternam
1074 2412 1302 2463 salutem
1340 2411 1635 2480 pertinent,
1686 2415 1803 2462 tum
1841 2411 2121 2463 societates
2159 2411 2307 2479 ipsae
2345 2411 2401 2462 in

0 2497 461 2577 ,0111οᾸᾶο01111110
501 2499 835 2559 continenter
871 2498 1174 2564 variarunt,
1229 2502 1281 2549 et
1319 2496 1452 2548 haec
1490 2496 1759 2548 mobilitas
1798 2514 1858 2548 ac
1895 2496 2217 2548 instabilitas
2256 2496 2435 2566 apud.

27 2580 273 2638 ¹easdem
309 2585 589 2636 societates
627 2602 902 2654 nunquam
942 2588 1125 2636 cessat.
1202 2584 1442 2652 Quisque
1476 2584 1563 2635 vel
1612 2582 1767 2635 facile
1818 2583 2101 2652 intelligit,
2156 2586 2208 2634 et
2258 2581 2400 2634 clare

38 2676 350 2743 -aperteque
389 2671 580 2739 noscit,
618 2670 674 2722 id
712 2673 800 2723 vel
836 2670 1070 2723 maxime
1109 2670 1383 2722 adversari
1420 2670 1691 2722 Ecclesiae
1729 2687 1761 2721 a
1800 2668 2010 2721 Christo
2050 2669 2282 2721 Domino
2322 2669 2402 2720 in-

21 2757 310 2830 {stitutae,
363 2758 419 2809 in
457 2775 562 2827 qua
599 2757 799 2810 veritas
838 2775 1049 2827 semper
1100 2757 1305 2809 stabilis
1358 2749 1605 2825 nullique>
1634 2744 1872 2825 unquam
1911 2755 2271 2808 immutationi
2309 2755 2401 2807 ob-

24 2843 231 2900 ·J'noxia'
260 2843 546 2912 persistere
585 2843 767 2911 debet,
805 2845 973 2896 veluti
1009 2824 1312 2913 depositum
1351 2843 1524 2896 eidem
1552 2843 1836 2906 Ecclesiae
1874 2842 2131 2895 traditum
2169 2844 2401 2912 integer-

23 2929 194 3004 }rime
232 2929 657 2997 custodiendum,
695 2948 792 3000 pro
832 2932 981 3000 cujus
1021 2930 1262 2982 custodia
1297 2928 1526 3000 Spiritus
1564 2928 1745 3007 Sancti
1774 2930 2077 3000 praesentia
2115 2929 2401 2981 auxilium-

23 3006 175 3090 }ssque‘
217 3017 320 3086 ipsi
373 3016 646 3070 Ecclesiae
697 3018 798 3070 fuit
840 3009 1110 3088 ,perpetuo
1164 3017 1500 3087 promissum.
1575 3017 1747 3070 Nemo
1801 3020 1982 3069 autem
2035 3017 2277 3084 ignorat,
2331 3032 2401 3066 ex

0 3095 207 3173 19111000
247 3102 609 3155 doctrinarum
664 3107 716 3155 et
769 3104 1082 3173 opinionum
1134 3102 1365 3155 dissidiis
1403 3103 1619 3155 socialia
1658 3120 1872 3172 quoque
1920 3103 2048 3155 oriri
2097 3101 2399 3170 schismata,

24 3253 39 3270 i
62 3193 223 3259 atque
262 3208 333 3242 ex
369 3190 451 3242 1110
490 3190 752 3259 originem
789 3190 989 3242 habere
1027 3189 1442 3242 innumerabiles
1480 3189 1877 3240 communiones
1916 3193 1969 3241 et
2007 3192 2207 3255 000100,
2263 3205 2400 3257 quae

23 3271 41 3363 ,ε
64 3291 185 3327 011111
224 3294 430 3328 0111111110
486 3276 806 3328 christianae
859 3276 1135 3347 civilisque
1187 3276 1514 3346 reipublicae
1565 3276 1758 3337 damno
1807 3276 1981 3346 magis
2033 3276 2089 3327 in
2129 3274 2241 3327 dies
2279 3292 2401 3345 pro·
2473 3274 2475 3276 ’

0 3393 34 3425 ‚3
66 3367 350 3432 pagantur.
1313 3391 1315 3394 ·
2087 3409 2091 3414 .

31 3508 35 3517 ,Ἴ
206 3449 495 3513 Enimvero
535 3449 858 3519 quicumque
895 3448 1209 3517 religionem
1246 3448 1414 3500 veluti
1452 3447 1718 3500 humanae
1769 3448 2036 3501 societatis
2083 3449 2400 3502 fundamen-

25 3520 33 3550 3
64 3534 181 3585 tum
219 3535 522 3603 cognoscit,
574 3552 682 3586 non
718 3534 915 3603 poterit
952 3551 1059 3585 non
1112 3551 1401 3602 agnoscere
1454 3539 1506 3586 et
1557 3532 1744 3600 fateri,
1801 3538 2058 3603 quantam
2095 3535 2151 3587 in
2189 3535 2400 3588 civilem

29 3606 374 3692 ''i-&societatem
411 3621 521 3672 vim
560 3620 821 3689 ejusmodi
859 3619 1242 3689 principiorum
1292 3637 1352 3671 ac
1404 3619 1777 3688 religiosarum
1815 3621 2130 3673 societatum
2166 3621 2305 3673 inter
2343 3639 2400 3674 se

37 3715 41 3729 ··
66 3705 420 3773 pugnantium
459 3706 647 3778 divisio
694 3724 756 3758 ac
794 3705 1148 3775 discrepantia
1187 3706 1510 3772 exercuerit,
1564 3711 1616 3757 et
1655 3722 1817 3775 quam
1854 3707 2199 3760 vehementer
2236 3724 2400 3776 nega-

29 3780 140 3841 ·tio
177 3790 507 3842 auctoritatis
546 3808 578 3842 a
615 3790 732 3842 Deo
786 3790 1104 3842 constitutae
1155 3789 1224 3843 ad
1276 3790 1526 3854 humani.
1545 3792 1846 3844 intellectus
1898 3793 2269 3863 persuasiones
2317 3810 2400 3845 re-

31 3870 296 3943 ‘gendaffi
335 3880 510 3945 =atque
548 3876 617 3928 ad
655 3876 933 3928 hominum
983 3880 1100 3927 tum
1135 3877 1191 3929 in
1228 3879 1468 3948 privata,
1521 3882 1636 3930 tum
1688 3879 1742 3930 in
1795 3879 1977 3931 sociali
2014 3879 2126 3931 vita
2164 3879 2399 3932 actiones

27 3957 372 4028 <dirigendas
426 3962 770 4029 excitaverit,
825 3963 1153 4032 promoverit
1206 3968 1258 4015 et
1311 3965 1504 4017 aluerit
1556 3966 1654 4018 1100
1692 3966 2083 4019 infelicissimos
2121 3983 2302 4017 rerum
2339 3983 2401 4017 00

2111 4177 2142 4220 0
