2540 4282
11 3 23 15 .’
35 0 39 5 ’
49 0 80 19 31³-
138 0 141 17 Γ

0 0 89 81 1152

14 70 18 72 ,
44 64 74 87 v..

799 101 1069 146 Constitutio
1101 102 1307 158 Gregorii
1336 104 1425 146 PP.
1458 105 1573 147 XV.¹
2261 96 2346 145 101

0 246 238 330 'pinnulae
269 261 461 308 sonum,
496 246 798 293 conveniunt
833 244 1105 294 cardinales
1139 245 1190 292 in
1221 259 1278 295 eo
1314 250 1614 309 praesentes,
1666 246 1751 310 qui
1779 246 2064 295 infirmitate
2096 261 2198 294 non
2232 248 2348 295 sunt

0 322 258 415 llinipediti,
295 325 359 374 ad
389 324 660 388 cappellam
689 324 966 386 Paulinam,
1002 326 1051 371 et
1080 324 1151 372 ibi
1185 323 1437 373 celebrata
1469 328 1710 374 consueta
1741 325 1907 387 missa,
1943 327 1992 373 et
2020 324 2151 373 facta
2185 324 2346 373 cardi-

0 394 209 484 ³1splium
245 405 609 466 communione,
651 404 818 452 statim
853 402 918 450 ad
950 403 1206 464 negotium
1241 403 1492 452 electionis
1526 406 1795 468 procedere
1829 405 2033 466 debent,
2070 403 2203 466 quod
2238 403 2347 467 qui-

0 465 137 555 ιᾷοιιι
181 484 328 532 hodie
378 498 440 530 ex
474 482 702 546 Gregorii
735 480 1102 528 Constitutione
1149 496 1248 529 uno
1295 485 1490 530 tantum
1535 499 1598 531 ex
1645 484 1803 532 tribus
1847 484 2007 532 modis
2039 482 2145 532 sive
2176 482 2346 530 formis
2412 543 2415 546 ῃ

0 556 359 631 {wer-agendum
394 566 482 623 est,
520 561 737 623 alioquin
768 559 941 607 electio
971 559 1212 607 nullitatis
1247 560 1367 608 vitio
1403 562 1644 624 subjacet.

60 692 65 706 ⁴
149 650 346 698 Primus
381 648 557 695 modus
604 638 702 707 est,
754 646 838 708 qui
883 646 1024 707 quasi
1072 660 1159 707 per
1208 645 1581 708 inspirationem
1631 652 1864 696 vocatur:
1915 648 2115 713 quando
2161 648 2350 697 scilicet

0 725 193 784 ῑιόιιιιιθε
243 726 518 775 cardinales
569 725 711 788 quasi
759 723 917 771 afflati
957 724 1140 787 Spiritu
1181 726 1365 774 Sancto
1416 726 1629 790 aliquem
1662 729 1959 776 unanimiter
1991 732 2039 777 et
2072 729 2191 777 viva
2224 742 2350 777 voce

0 811 276 862 Ftfiummum
299 805 585 854 Pontificem
620 803 952 865 proclamant:
990 803 1118 851 circa
1154 818 1299 866 quem
1331 804 1533 853 modum
1565 821 1628 854 ex
1653 806 2017 856 Constitutione
2040 807 2350 871 Gregoriana

0 887 336 949 &infrascripta
368 884 534 932 notari
564 886 796 946 possunt:

0 955 80 1014 2525,
139 966 385 1024 Primum,
434 964 558 1011 haec
606 962 767 1010 forma
815 961 1067 1009 electionis
1113 961 1377 1024 practicari
1419 965 1585 1024 potest
1635 963 1795 1011 solum
1837 963 1889 1010 in
1930 966 2156 1014 conclavi
2200 969 2249 1015 et
2290 980 2348 1015 eo

0 1031 215 1099 clauso:
264 1043 495 1104 secundo,
543 1042 687 1089 debet
719 1040 825 1089 fieri
859 1040 1030 1088 electio
1065 1041 1338 1089 secundum
1380 1041 1511 1089 hanc
1554 1042 1762 1090 formam
1807 1043 1870 1091 ab
1906 1044 2135 1092 omnibus
2170 1049 2220 1093 et
2248 1045 2376 1094 sin-x

0 1116 151 1197 'gulis
186 1122 520 1173 cardinalibus
555 1122 605 1168 in
641 1120 867 1168 conclavi
900 1121 1272 1183 praesentibus:
1308 1121 1471 1183 tertio,
1508 1122 1831 1170 communiter
1865 1125 1915 1170 et
1947 1124 2144 1171 nemine
2178 1139 2349 1173 eorum

24 1205 366 1257 dissentiente:
405 1204 601 1265 quart0,
636 1200 772 1247 nullo
807 1200 1132 1263 praecedente
1167 1199 1227 1247 de
1260 1215 1475 1262 persona
1506 1203 1741 1263 tractatu,
1779 1204 1829 1249 et
1862 1217 1950 1264 per
1989 1203 2197 1251 verbum
2228 1205 2347 1267 eliyo

21 1282 316 1356 intelligibili
349 1296 474 1329 voce
510 1280 759 1343 prolatum
802 1282 886 1326 aut
921 1279 1107 1341 scripto
1144 1294 1456 1341 expressum,
1508 1279 1549 1326 si
1597 1294 1723 1328 voce
1766 1295 1868 1328 non
1913 1281 2073 1344 possit
2121 1282 2347 1344 proferri.

0 1362 315 1426 Exemplum
351 1363 518 1409 autem
550 1360 700 1421 hujus
734 1362 900 1422 potest
933 1358 1382 1420 esse-hujusmodi:
1433 1357 1475 1406 si
1521 1358 1697 1422 aliquis
1740 1362 1963 1422 patrum,
2014 1361 2182 1409 clauso
2228 1376 2347 1410 con-

25 1438 178 1503 clavi,
213 1439 374 1501 nullo,
407 1442 464 1486 ut
492 1438 781 1501 praefertur,
815 1438 1143 1500 praecedente
1177 1437 1380 1499 speciali
1413 1440 1659 1500 tractatu,
1696 1438 1903 1486 diceret:
1955 1439 2354 1489 Reverendissimi

25 1522 219 1583 domini,
252 1524 507 1581 perspecta
538 1518 780 1578 sinynlari
809 1518 982 1564 virtute
1015 1523 1059 1564 et
1089 1516 1333 1578 probitate
1374 1515 1431 1563 R.
1467 1517 1529 1564 D.
1563 1517 1627 1564 N.
1639 1554 1653 1577 ,
1690 1519 1862 1580 judico
1904 1520 2039 1566 illum
2087 1520 2350 1583 eliqendnm

25 1598 117 1658 *esse
148 1601 201 1647 in
232 1613 465 1647 summam
498 1596 786 1665 Pontificem,
836 1602 879 1643 et
910 1611 968 1643 eoe
999 1611 1126 1642 nanc
1159 1610 1240 1657 eyo
1283 1597 1442 1656 ipsam
1487 1597 1605 1658 eliyo
1653 1597 1706 1642 in
1738 1596 1929 1658 Papam
1933 1616 1954 1659 ,·
2003 1597 2203 1661 deinde,
2254 1599 2350 1647 hoc

26 1679 212 1743 andito,
249 1677 291 1723 si
325 1675 475 1723 ceteri
497 1678 680 1737 patres,
716 1674 910 1722 nemine
934 1677 1159 1736 except0,
1196 1677 1454 1736 sequentes
1489 1674 1635 1738 primi
1658 1676 1965 1737 sententiam,
1998 1678 2170 1726 eodem
2192 1679 2347 1728 verbo

23 1760 141 1823 eliyo
174 1755 474 1817 intelligibili
508 1770 631 1802 voce
663 1754 872 1817 prolato,
910 1758 997 1802 aut
1021 1754 1063 1801 si
1084 1768 1187 1801 non
1209 1755 1389 1815 potest,
1423 1754 1474 1800 in
1498 1754 1695 1816 scriptis
1729 1769 1979 1818 expresso,
2016 1757 2242 1807 eumdem
2265 1758 2349 1821 N„

25 1837 86 1894 de
119 1851 216 1900 quo
252 1834 417 1881 nullus
453 1833 679 1896 specialis
715 1836 957 1882 tractatus
991 1832 1276 1896 praecessit,
1313 1833 1639 1880 communiter
1673 1833 1935 1897 eligerent,
1978 1835 2086 1898 ipse
2119 1835 2182 1884 N.
2220 1841 2350 1887 esset

24 1916 258 1967 canonice
291 1914 476 1961 electus
513 1915 561 1959 et
596 1927 744 1960 verus
778 1914 935 1975 Papa,
972 1912 1241 1961 secundum
1273 1913 1403 1960 hanc
1434 1910 1685 1960 electionis
1715 1912 1962 1976 formam,
2000 1929 2131 1978 quae
2173 1916 2351 1966 dicitur

0 2002 110 2065 yper
140 1993 528 2057 inspirationem.

151 2072 406 2123 Secundus
439 2070 616 2119 modus
642 2074 714 2119 est
736 2086 824 2133 per
848 2071 1265 2134 compromissum,
1303 2071 1502 2134 quando
1528 2071 1713 2120 scilicet
1738 2072 2026 2135 cardinales,
2062 2074 2128 2122 ad
2151 2074 2350 2125 electio-

21 2169 136 2202 nem
169 2168 257 2216 per
288 2153 419 2199 hanc
451 2150 661 2198 formam
696 2165 784 2198 seu
818 2151 950 2199 viam
982 2150 1251 2213 procedere
1284 2151 1536 2213 volentes,
1584 2151 1949 2201 committerent
1992 2153 2242 2217 aliquibus
2287 2170 2352 2205 ex

24 2232 251 2297 patribus
285 2228 496 2292 eligendi
528 2230 844 2290 potestatem,
879 2234 934 2277 ut
967 2229 1077 2276 vice
1112 2229 1328 2277 omnium
1360 2231 1612 2279 Ecclesiae
1635 2230 1921 2280 Catholicae
1953 2233 2253 2294 provideant
2288 2234 2351 2283 de
2429 2286 2431 2294 s

23 2312 249 2360 Pastore.
319 2307 473 2370 Cujus
507 2307 697 2355 formae
728 2309 897 2370 praxis
931 2312 1095 2371 potest
1141 2325 1248 2357 esse
1291 2310 1597 2372 hujusmodi:
1649 2311 1807 2374 primo
1850 2327 2020 2359 omnes
2071 2316 2119 2360 et
2167 2313 2351 2376 singuli

25 2387 297 2442 ‘cardinales
327 2387 378 2434 in
413 2386 639 2433 conclavi
668 2391 976 2449 praesentes,
1022 2389 1216 2436 nemine
1251 2404 1420 2438 eorum
1455 2390 1797 2452 dissentiente,
1841 2390 1893 2437 in
1938 2390 2130 2453 aliquos
2162 2406 2225 2440 ex
2256 2400 2349 2455 pa'-

0 2471 181 2523 >tribus
217 2469 624 2532 compromissum
657 2467 861 2528 faciunt,
895 2467 1107 2530 exempli
1140 2468 1302 2532 gratia
1334 2469 1384 2516 in
1414 2469 1543 2517 hanc
1575 2469 1812 2518 formam:
1846 2469 1909 2517 In
1930 2473 2117 2523 nomine
2137 2471 2349 2535 Domini,

25 2565 174 2598 amen.
241 2549 383 2596 Anno
418 2549 477 2595 ab
512 2548 734 2609 ejusdem,
770 2551 880 2609 etc.,
915 2562 1082 2608 mense,
1117 2550 1228 2609 etc.,
1261 2548 1350 2610 die,
1388 2552 1495 2610 etc.,
1529 2564 1616 2596 nos
1638 2550 1859 2610 episcopi,
1886 2550 2157 2611 presbyteri
2177 2557 2221 2598 et
2243 2552 2350 2599 olia-

25 2632 131 2679 coni
158 2629 207 2686 S.
241 2628 299 2675 R.
333 2628 392 2675 E.
427 2629 699 2675 cardinales
733 2643 888 2676 omnes
930 2633 972 2675 et
1012 2628 1194 2690 sinyali
1224 2629 1276 2674 in
1320 2628 1532 2675 conclavi
1573 2629 1829 2689 existentes,
1873 2629 2082 2676 videlicet
2115 2629 2229 2677 NN.
2279 2630 2352 2693 (et

25 2708 311 2774 singillatim
341 2709 510 2754 omnes
543 2707 857 2755 nominentur
891 2705 1185 2765 cardinales)
1237 2707 1454 2769 eleqimas
1488 2713 1531 2753 et
1563 2706 1778 2768 eliyimns
1802 2722 1897 2767 per
1938 2708 2067 2754 viam
2091 2711 2353 2770 procedere

27 2788 363 2850 compromissi,
385 2792 441 2834 net
464 2787 763 2834 ‘unanimiter
795 2793 838 2834 et
870 2787 1181 2847 concorditer,
1215 2788 1396 2833 nemine
1430 2787 1752 2848 discrepante,
1798 2787 2013 2849 elicimus
2047 2793 2351 2851 compromis-

25 2869 182 2917 sarios
214 2865 294 2927 N.,
329 2864 407 2926 N„
443 2871 484 2921 et
517 2864 579 2911 N.
615 2867 908 2928 cardinales,
960 2870 1079 2928 etc.,
1131 2867 1298 2929 quibas
1341 2867 1513 2919 damus
1555 2867 1827 2928 plenariam
1860 2868 2150 2928 facultatem
2179 2875 2232 2916 ·et
2256 2885 2349 2930 po-

27 2953 236 2996 testatem
263 2944 555 3006 providendi
583 2943 632 2990 S.
648 2944 705 2992 R.
722 2945 780 2992 E.
816 2947 873 2993 de
907 2945 1119 3007 Pastore,
1152 2946 1238 2993 snb
1273 2946 1362 2993 hac
1393 2946 1570 3007 forma
1603 2946 1841 2993 videlicet.
1923 2946 2070 3006 .(hic
2105 2948 2349 3010 optimum

29 3024 136 3087 erit,
165 3028 222 3072 ut
257 3021 530 3071 cardinales
557 3024 1010 3085 compromittentes
1034 3024 1313 3087 exprimant
1337 3023 1538 3071 modum
1571 3028 1620 3072 et
1643 3025 1868 3087 formam,
1893 2981 2174 3073 ..secundum
2199 3042 2348 3089 quam

0 3149 2 3152 ,
24 3090 445 3170 compromissarii
479 3101 731 3149 debebunt
766 3103 959 3164 eligere,
1010 3107 1060 3151 et
1091 3102 1363 3152 secundum
1398 3118 1546 3165 quam
1579 3104 1768 3151 electus
1802 3103 1950 3151 debet
1983 3087 2171 3151 censeri
2200 3120 2348 3154 verus

26 3187 78 3256 et
108 3182 354 3246 legitimus
387 3181 541 3241 Papa,
576 3182 633 3226 ut
666 3182 804 3242 puta,
837 3181 879 3227 si
913 3181 1052 3230 electi
1086 3182 1184 3230 sint
1210 3185 1321 3229 tres
1367 3182 1805 3243 compromissarii,
1857 3182 2211 3231 declarandum
2255 3187 2347 3247 est,

27 3260 93 3313 'an
126 3263 190 3310 ad
222 3262 332 3322 hoc,
366 3263 422 3307 ut
456 3259 630 3306 electio
667 3258 730 3305 sit
753 3259 933 3320 valida,
968 3261 1103 3322 prius
1133 3274 1410 3323 proponere
1433 3258 1647 3306 debeant
1670 3274 1810 3306 sacro
1836 3260 2044 3322 collegio
2067 3276 2347 3325 personam,

28 3344 108 3401 rel
139 3355 375 3405 personas
410 3340 473 3386 ab
504 3338 624 3401 ipsis
659 3337 1026 3400 nominandam,
1058 3339 1138 3387 vel
1170 3337 1498 3385 nominandas
1534 3338 1598 3385 ad
1632 3339 1987 3401 pontificatum,
2023 3355 2088 3387 an
2112 3355 2231 3389 vero
2257 3341 2346 3391 ab·

0 3482 2 3486 ,
28 3422 188 3485 'solute
220 3419 433 3468 debeant
468 3417 757 3465 electionem
787 3432 1050 3479 peragere3
1102 3434 1164 3465 an
1213 3432 1378 3464 omnes
1423 3419 1523 3463 tres
1569 3416 1785 3464 debeant
1819 3418 2082 3466 convenire
2111 3420 2163 3467 in
2194 3436 2348 3470 unam
2428 3431 2432 3435 ’

29 3492 306 3565 personam,
342 3513 407 3544 an
440 3511 558 3545 vero
594 3496 821 3557 sufficiat,
858 3496 991 3558 quod
1025 3496 1122 3544 duo
1154 3497 1205 3543 in
1237 3512 1387 3544 unam
1420 3496 1739 3558 concordent,
1777 3501 1824 3544 et
1857 3512 1921 3544 an
1951 3497 2166 3547 debeant
2188 3501 2348 3549 nomi-

29 3576 152 3628 vilai-e
186 3578 398 3640 aliquem
428 3575 488 3623 de
523 3575 746 3637 collegio,
779 3576 859 3622 vel
893 3575 1040 3622 etiam
1075 3576 1289 3638 aliquem
1320 3579 1462 3625 extra
1498 3576 1780 3638 collegium:
1815 3579 1864 3623 et
1899 3576 1996 3624 alia
2028 3578 2104 3625 his
2132 3579 2348 3640 similia).

32 3657 123 3714 His
157 3659 322 3704 autem
355 3656 435 3703 vel
469 3654 576 3702 aliis
608 3655 844 3702 similibus
892 3653 1162 3716 expressis,
1214 3653 1330 3702 addi
1378 3655 1802 3716 compromissioni
1846 3656 1973 3704 solet
2017 3660 2235 3720 tempus,
2283 3659 2349 3708 ad

32 3736 167 3800 quod
198 3749 356 3798 usque
388 3735 562 3782 volunt
611 3733 884 3781 cardinales
929 3736 1229 3795 potestatem
1274 3733 1726 3795 compromissarios
1746 3723 1756 3733 ⁸
1776 3734 1961 3782 habere
2005 3735 2246 3799 eligendi,
2297 3742 2349 3788 et

31 3817 205 3878 postea
240 3814 610 3875 subjunguntur
638 3814 759 3882 haec
794 3811 973 3859 verba:
1009 3811 1075 3858 Et
1100 3813 1436 3872 promittimus,
1470 3826 1556 3860 nus
1588 3813 1722 3859 illam
1748 3829 1845 3874 pro
1877 3813 2092 3862 Romano
2122 3815 2351 3879 Pontifice

33 3893 300 3953 habituros,
351 3908 484 3955 quem
518 3891 627 3938 DD.
678 3889 1085 3951 compromissarii
1129 3891 1382 3937 secundum
1413 3890 1636 3950 formam
1671 3892 1977 3952 praedictam
2011 3894 2235 3943 duoeerint
2269 3896 2349 3943 eli-

33 3959 259 4034 pendam;
290 3970 371 4018 vel
405 3971 502 4018 alia
535 3969 599 4017 ad
631 3967 836 4017 formam
871 3968 1305 4030 compromissariis
1340 3959 1693 4031 praescriptam
1726 3971 2114 4019 accommodata.
