2540 4282
665 183 870 239 Epistola
899 183 1140 237 Eneyeliea
1172 182 1250 226 ss.
1283 183 1338 224 D.
1370 183 1425 224 N.
1456 182 1527 223 Pii
1557 181 1647 223 PP.
1681 181 1765 247 rx.
2353 157 2384 208 5

48 333 311 400 respectu,
351 346 413 381 ac
452 327 496 379 si
536 344 598 379 ea
635 344 744 379 non
782 327 1052 393 existeret,
1091 326 1177 378 vel
1215 325 1404 379 saltem
1441 325 1587 378 nullo
1625 324 1765 378 facto
1804 341 1987 377 veram
2025 325 2163 378 inter
2202 324 2385 379 falsas-

49 434 151 487 que
189 416 476 485 religiones
516 413 867 466 discrimine.“
910 459 916 466 .
945 412 1127 482 Atque
1166 417 1350 464 contra
1388 428 1658 464 sacrarum
1691 411 2043 478 Litterarum,
2096 411 2383 481 Ecclesiae,

45 509 458 571 sanctorumque
484 499 709 553 Patrum
737 498 1051 566 doctrinam,
1089 515 1326 551 asserere
1351 516 1458 550 non
1492 497 1755 566 dubitant,
1799 498 2090 568 „optimam
2121 515 2236 551 esse
2264 517 2387 553 con-

47 588 306 642 ditionem
345 587 639 655 societatis,
677 587 733 638 in
771 603 877 656 qua
914 584 1148 654 Imperio
1187 602 1294 637 non
1335 585 1642 654 agnoscitur
1680 585 1915 638 officium
1953 584 2233 639 coercendi
2270 604 2386 639 san-

47 676 163 729 citis
203 675 388 746 poenis
427 674 715 726 violatores
753 671 1045 724 catholicae
1083 671 1389 740 religionis,
1446 671 1547 722 nisi
1586 676 1851 741 quatenus
1897 690 2007 742 pax
2044 671 2259 743 publica
2295 689 2387 742 po-

48 762 256 814 stulet.“
335 761 423 813 Ex
461 777 566 829 qua
605 759 819 810 omnino
857 758 991 810 falsa
1029 758 1238 810 socialis
1278 757 1553 826 regiminis
1579 757 1700 810 idea
1727 757 1871 811 haud
1894 758 2083 812 timent
2110 775 2387 812 erroneam

45 848 193 901 illam
229 848 413 900 fovere
452 846 787 916 opinionem,
842 844 1135 897 catholicae
1173 845 1447 897 Ecclesiae
1496 844 1902 915 animarumque
1955 845 2115 898 saluti
2151 845 2387 898 maxime

49 933 350 1000 exitialem,
390 950 422 985 a
460 949 569 985 rev.
607 949 763 984 mem.
805 931 1067 1001 Gregorio
1106 930 1259 984 XVI.
1298 930 1707 1000 praedecessore
1745 931 1942 983 Nostro
1985 934 2388 986 deliramentum

48 1019 371 1091 appellatam
399 1017 449 1086 ¹,
503 1018 756 1071 nimirum
800 1018 1132 1086 „libertatem
1170 1018 1524 1070 conscientiae
1573 1021 1625 1070 et
1680 1017 1918 1070 cultuum
1959 1036 2074 1071 esse
2110 1018 2388 1088 proprium

49 1105 427 1175 cujuscumque
466 1105 696 1158 hominis
725 1106 842 1174 juS,
898 1104 1041 1174 quod
1094 1106 1214 1174 lege
1266 1104 1587 1174 proclamari
1640 1107 1692 1157 et
1739 1105 1903 1156 asseri
1952 1103 2112 1157 debet
2149 1106 2205 1157 in
2243 1103 2388 1158 omni

46 1195 192 1244 recte
230 1191 519 1244 constituta
558 1193 843 1260 societate,
898 1196 951 1243 et
982 1192 1070 1260 jus
1108 1190 1314 1243 civibus
1353 1191 1527 1244 inesse
1566 1190 1635 1243 ad
1673 1190 2037 1243 omnimodam
2083 1190 2388 1244 libertatem

23 1273 194 1330 'nulla
230 1279 317 1331 vel
358 1280 730 1347 ecclesiastica,
770 1279 857 1332 vel
896 1277 1038 1332 civili
1077 1278 1395 1330 auctoritate
1434 1277 1825 1345 coarctandam,
1865 1294 1970 1346 quo
2010 1294 2135 1329 suos
2164 1293 2388 1346 concep-

23 1367 131 1418 .tus
171 1381 535 1436 quoscumque
574 1366 685 1418 sive
723 1381 884 1433 voce,
914 1365 1046 1429 ¹sive
1084 1364 1256 1435 typis,
1307 1364 1420 1417 sive
1460 1364 1564 1417 alia
1601 1364 1808 1417 ratione
1846 1363 2024 1433 palam
2064 1362 2386 1433 publiceque

28 1453 392 1506 'manifestare
431 1469 491 1522 ac
531 1450 803 1504 declarare
842 1452 1104 1504 valeant.“
1966 1439 1969 1443 ¹

190 1539 337 1591 Dum
378 1556 506 1592 vero
545 1538 601 1590 id
637 1539 827 1591 timere
876 1538 1174 1606 affirmant,
1228 1537 1372 1590 haud
1420 1537 1657 1607 cogitant
1711 1541 1763 1588 et
1817 1537 2188 1605 considerant,
2246 1536 2388 1607 quod

47 1629 342 1682 libertatem
381 1622 753 1693 ,perditionis2
803 1625 1143 1694 praedicant,
1201 1630 1254 1678 et
1310 1625 1455 1695 quod
1518 1625 1593 1690 „si
1650 1624 1895 1677 humanis
1952 1623 2388 1694 persuasionibus

49 1730 259 1783 semper
297 1712 592 1781 disceptare
631 1711 699 1762 sit
735 1710 993 1778 liberum,
1046 1729 1323 1780 nunquam
1363 1710 1550 1763 deesse
1587 1714 1865 1780 poterunt,
1915 1712 2006 1781 qui
2043 1711 2258 1764 veritati
2295 1728 2388 1763 au-

50 1798 211 1852 deant
249 1798 524 1865 resultare,
565 1802 617 1849 et
657 1796 722 1850 de
762 1797 1362 1868 humanaesapientiae
1399 1798 1722 1867 loquacitate
1759 1797 2052 1865 confidere,
2092 1815 2212 1850 cum
2251 1798 2390 1851 hanc

18 1885 30 1897 ⁶
50 1884 475 1939 nocentissimam
517 1884 808 1937 vanitatem
848 1890 1107 1954 quantum
1147 1879 1341 1938 debeat
1367 1885 1500 1937 fides
1527 1889 1581 1938 et
1604 1884 1865 1954 sapientia
1889 1883 2178 1936 christiana
2201 1883 2389 1952 vitare,

50 1988 119 2024 ex
145 1972 271 2041 ‘ipsa
309 1971 526 2023 Domini
563 1970 901 2024 nostriJesu
940 1970 1138 2045 Christi
1185 1972 1519 2024 institutione
1572 1971 1889 2040 cognoscat“
1915 1969 1953 2023 ³.
2026 1970 2098 2023 Et
2137 1970 2389 2040 quoniam

51 2058 143 2111 ubi
181 2075 212 2110 a
252 2057 394 2111 civili
433 2058 686 2111 societate
724 2057 825 2109 fuit
863 2064 1042 2111 amota
1080 2046 1300 2129 religio,
1355 2076 1417 2110 ac
1468 2057 1750 2128 repudiata
1797 2057 2011 2110 divinae
2047 2056 2390 2110 revelationis

51 2144 289 2198 doctrina
328 2149 379 2198 et
417 2145 735 2213 auctoritas,
788 2146 875 2198 vel
926 2146 1044 2216 ipsa
1096 2163 1352 2216 germana
1398 2146 1640 2214 justitiae
1693 2144 2020 2214 humanique
2069 2144 2205 2213 juris
2242 2142 2390 2196 notio

50 2231 285 2284 tenebris
324 2231 636 2283 obscuratur
675 2237 727 2284 et
764 2232 1056 2300 amittitur,
1110 2240 1271 2303 atque
1309 2233 1365 2285 in
1404 2250 1564 2285 verae
1596 2231 1836 2300 justitiae
1875 2231 2211 2301 legitimique
2254 2230 2392 2299 juris

50 2317 228 2370 locum
265 2317 555 2369 materialis
593 2318 932 2371 substituitur
970 2320 1067 2389 viS,
1105 2319 1230 2373 inde
1256 2319 1439 2390 liquet,
1480 2336 1573 2370 cur
1596 2318 1854 2385 nonnulli,
1895 2317 2203 2371 certissimis
2230 2334 2392 2370 sanae
2430 2322 2435 2327 ’

51 2404 274 2457 rationis
330 2405 605 2475 principiis
657 2406 869 2475 penitus
922 2407 1178 2477 neglectis
1231 2405 1688 2476 posthabitisque,
1752 2404 1988 2457 audeant
2041 2404 2392 2473 conclamare,

52 2492 418 2557 „voluntatem
456 2491 642 2561 populi
680 2491 924 2561 publica,
965 2510 1125 2562 quam
1166 2493 1378 2559 dicunt,
1425 2492 1674 2562 opinione
1712 2491 1799 2544 vel
1835 2491 1941 2543 alia
1979 2491 2184 2544 ratione
2224 2491 2391 2566 mani-

49 2579 298 2634 festatam
337 2578 660 2631 constituere
700 2596 1003 2648 supremam
1042 2579 1219 2649 legem
1256 2579 1324 2631 ab
1374 2578 1518 2630 omni
1557 2577 1737 2630 divino
1777 2577 2118 2647 humanoque
2150 2579 2272 2647 jure
2311 2595 2393 2631 so-

50 2665 249 2733 lutam,
289 2670 340 2717 et
378 2666 433 2717 in
474 2665 660 2718 ordine
698 2665 913 2735 politico
954 2665 1092 2718 facta
1132 2669 1528 2732 consummata,
1583 2681 1645 2717 eo
1685 2664 1800 2734 ipso
1842 2663 1985 2734 quod
2025 2668 2395 2722 consummata

53 2756 190 2820 sunt,
229 2752 338 2803 vim
369 2752 503 2821 juris
542 2752 790 2805 habere.“
868 2747 1073 2804 Verum
1113 2752 1293 2822 ecquis
1333 2769 1440 2804 non
1478 2751 1655 2819 videt,
1693 2751 1961 2821 planeque
1997 2751 2185 2819 sentit,
2222 2750 2393 2823 homi·
2453 2785 2457 2790 -

53 2826 194 2890 num'
219 2838 527 2891 societatem
566 2840 839 2910 religionis
877 2858 939 2893 ac
977 2858 1137 2893 verae
1167 2839 1407 2909 justitiae
1445 2838 1673 2897 vinculis
1722 2838 1951 2890 solutam
2000 2838 2207 2891 nullum
2245 2838 2394 2892 aliud

53 2922 289 2994 profecto
328 2926 658 2995 propositum
695 2926 896 2980 habere
935 2944 1122 2998 posse,
1175 2927 1276 2978 nisi
1323 2943 1542 2996 scopum
1591 2924 1937 2995 comparandi
1976 2924 2392 2995 cumulandique

57 3027 202 3081 opeS,
240 3010 546 3080 nullamque
584 3014 741 3078 aliam
780 3014 836 3065 in
874 3014 983 3066 suis
1020 3013 1526 3082 actionibus-legem
1553 2998 1719 3081 sequi,
1757 3011 1861 3063 nisi
1886 3011 2202 3064 indomitam
2227 3011 2392 3064 animi

57 3097 405 3168 cupiditatem
442 3099 766 3153 inserviendi
803 3102 1033 3171 propriis
1071 3101 1441 3171 voluptatibus
1480 3105 1533 3152 et
1572 3098 1898 3152 commodis?

199 3183 500 3253 Eapropter
538 3183 844 3252 hujusmodi
881 3187 1123 3240 homines
1161 3186 1352 3240 acerbo
1393 3204 1520 3239 sane
1569 3186 1690 3238 odio
1729 3186 2056 3238 insectantur
2092 3183 2392 3252 Religiosas

57 3270 310 3324 Familias
349 3272 592 3341 quamvis
631 3271 697 3325 de
735 3290 793 3324 re
831 3274 1144 3341 christiana,
1183 3271 1346 3338 civili,
1386 3288 1448 3322 ac
1482 3271 1743 3323 litteraria
1783 3286 2122 3338 summopere
2159 3270 2392 3339 meritas,

60 3362 112 3411 et
149 3357 445 3424 blaterant,
500 3356 715 3408 easdem
753 3359 956 3410 nullam
993 3359 1193 3411 habere
1230 3356 1526 3426 legitimam
1571 3355 1837 3408 existendi
1884 3355 2186 3423 rationem,
2231 3359 2392 3426 atque

57 3444 133 3496 ita
183 3443 576 3496 haereticorum
632 3445 939 3496 commentis
990 3443 1269 3515 plaudunt.
1343 3440 1483 3494 Nam
1536 3445 1596 3493 ut
1650 3441 2035 3509 sapientissime
2083 3459 2186 3494 rec.
2235 3459 2392 3495 mem.

58 3529 191 3581 Pius
227 3529 325 3582 VI.
363 3530 626 3582 Decessor
664 3529 860 3583 Noster
898 3529 1152 3598 docebat,
1195 3527 1555 3598 „regularium
1594 3525 1813 3578 abolitio
1852 3525 2018 3579 laedit
2054 3531 2252 3579 statum
2296 3545 2392 3597 pu-

59 3614 232 3677 blicae
267 3615 608 3685 professionis
650 3617 989 3670 consiliorum
1028 3615 1488 3686 evangelicorum,
1545 3610 1710 3664 laedit
1757 3611 1974 3665 vivendi
2024 3613 2286 3665 rationem
2335 3613 2391 3666 in

13 3735 15 3737 .
48 3700 300 3754 Ecclesia
337 3703 760 3756 commendatam
799 3707 1074 3772 tamquam
1112 3702 1455 3773 Apostolicae
1495 3698 1766 3752 doctrinae
1805 3704 2244 3767 consentaneam,
2283 3699 2389 3752 lae-

183 3913 196 3939 ¹
229 3915 399 3956 Eadem
421 3917 604 3968 Encycl.
635 3914 806 3957 Mirari.

181 3987 198 4014 ²
230 3988 276 4030 S.
307 3988 423 4057 Aug.
455 3989 597 4042 Epist.
632 3990 727 4030 105.
763 3991 818 4030 al.
852 3991 948 4031 166.

181 4056 198 4085 ³
232 4059 276 4100 S.
309 4061 400 4102 Leo
431 4062 576 4115 Epist.
609 4062 703 4103 164.
740 4062 794 4103 al.
830 4063 926 4103 133.
960 4060 999 4113 ἓ.
1031 4061 1069 4102 2.
1108 4059 1210 4099 edit.
1241 4058 1353 4099 Ball.
