2540 4282
164 178 169 186 ³
203 174 263 224 62
791 175 991 217 Litterae
1023 174 1309 228 Apostolicae
1339 171 1420 214 SS.
1451 171 1508 212 D.
1539 171 1594 212 N.
1627 171 1700 212 Pii
1730 172 1822 212 ΡΡ.
1853 171 1949 212 ΙΧ..

202 658 720 750 LITTERAE
779 638 1471 748 APOSTOLICAE
1527 652 1657 747 ss.
1700 654 1788 745 D.
1835 655 1925 746 N.
1976 653 2129 744 PII
2179 652 2326 745 ΡΡ.
2370 626 2540 838 IX..

207 950 300 1003 ΟΒ
338 948 707 1003 FUTURUM
745 947 1156 1003 CONCILIUM
1193 946 1718 1000 INDULGENTIA
1748 945 2133 1000 PLENARIA
2162 946 2245 1000 IN
2275 945 2536 1001 FORMA

439 1076 445 1082 -
525 1042 875 1097 JUBILAEI
916 1040 1247 1096 OMNIBUS
1287 1040 1681 1095 FIDELIBUS
1721 1026 2215 1094 CONCEDITUR.

1117 1181 1173 1221 D.
1208 1183 1274 1222 11.
1309 1180 1449 1222 APR.
1489 1181 1617 1221 1869.

288 1495 292 1498 .
348 1446 610 1500 Omnibus
638 1444 1101 1514 Christifidelibus,
1139 1450 1447 1515 praesentes
1485 1447 1690 1499 litteras
1726 1446 2060 1516 inspecturis„
2098 1443 2270 1499 PIUS
2294 1443 2407 1497 ΡΡ.
2436 1443 2540 1499 ΙΧ.

142 1559 147 1564 ·
208 1535 433 1588 salutem
471 1539 523 1586 et
561 1532 904 1603 apostolicam
942 1531 1382 1585 benedictionem.

348 1619 521 1672 Nemo
561 1623 703 1670 certe
741 1619 968 1688 ignorat,
1009 1619 1427 1672 Oecumenicum
1463 1619 1760 1672 Concilium
1799 1637 1832 1671 a
1867 1618 2038 1672 Nobis
2074 1617 2241 1670 fuisse
2277 1611 2538 1685 indictum

204 1707 260 1758 in
297 1706 529 1759 Basilica
565 1706 762 1758 Nostra
800 1703 1090 1771 Vaticana,
1131 1704 1216 1757 die
1249 1707 1302 1757 8.
1341 1705 1508 1757 futuri
1544 1707 1740 1758 mensis
1778 1704 2121 1772 DecembriS,
2158 1692 2540 1756 Immaculatas

209 1791 693 1860 Sanctissimaeque
731 1790 1001 1860 Deiparae
1038 1791 1279 1861 Virginis
1317 1792 1521 1844 Mariae
1561 1792 1907 1862 Conceptioni
1946 1808 2126 1857 sacrO,
2164 1780 2540 1842 inchoandum:

206 1877 397 1947 Itaque
433 1876 535 1929 hoc
572 1876 909 1946 potissimum
947 1882 1187 1946 tempore
1227 1895 1500 1947 nunquam
1549 1877 1852 1929 desistimus
1902 1878 1957 1928 in
2008 1876 2309 1928 humilitate
2367 1870 2540 1928 cordis

183 1964 389 2030 ,Nostri
425 1963 827 2016 ferventissimis
864 1964 1109 2032 precibus
1149 1981 1300 2016 orare
1339 1970 1392 2016 et
1430 1964 1710 2035 obsecrare
1760 1962 2228 2016 clementissimum
2278 1951 2540 2014 luminum

209 2054 261 2102 et
299 2048 783 2102 misericordiarum
822 2042 1066 2118 Patrem,
1119 2067 1152 2103 a
1190 2067 1286 2118 quo
1326 2067 1476 2103 omne
1518 2053 1695 2104 datum
1734 2055 2005 2118 optimum,
2058 2054 2111 2102 ct
2159 2062 2311 2101 omne
2349 2038 2540 2100 donum

162 2144 173 2152 ·’
208 2134 498 2204 perfectum
538 2138 809 2189 descendit
827 2133 858 2202 ¹,
907 2139 966 2186 ut
1018 2135 1194 2187 mittat
1245 2138 1308 2189 dc
1356 2139 1523 2189 caelis
1561 2139 1767 2190 sedium
1820 2140 2045 2190 suarum
2077 2133 2404 2188 assistricem
2440 2141 2540 2185 sa*-

211 2227 480 2290 picntiam,
521 2237 654 2288 quac
681 2223 965 2274 Nobiscum
1003 2227 1082 2289 sit,
1122 2228 1173 2275 ct
1194 2223 1477 2275 Nobiscum
1516 2223 1726 2290 laboret,
1767 2229 1818 2276 ct
1840 2227 2083 2288 sciamus,
2119 2222 2243 2289 quid
2274 2224 2540 2287 acceptum

207 2312 279 2361 sit
313 2310 454 2375 apud
494 2320 611 2360 cum
631 2305 664 2361 ².
739 2306 809 2359 Et
848 2325 953 2376 quo
992 2307 1199 2359 facilius
1220 2307 1368 2361 Deus
1390 2308 1600 2360 Nostris
1627 2311 1826 2359 annuat
1853 2307 2007 2374 votis,
2046 2310 2098 2359 et
2132 2303 2351 2357 inclinet
2386 2315 2540 2356 aures

209 2411 330 2446 suas
377 2393 446 2446 ad
499 2410 684 2463 preces
723 2393 775 2445 N
779 2398 975 2461 ostraS,
1030 2394 1267 2446 omnium
1317 2393 1754 2447 Christifidelium
1810 2393 2123 2462 religionem
2174 2391 2247 2444 ac
2286 2380 2540 2460 pietatem

199 2480 447 2531 (excitare
476 2478 824 2548 decrevimus,
863 2485 923 2531 ut
948 2481 1240 2549 conjunctis
1265 2480 1559 2533 Nobiscum
1597 2479 1845 2549 precibus
1870 2479 2262 2550 Omnipotentis
2288 2474 2540 2530 dexterae

206 2565 466 2618 auxilium
519 2568 571 2616 et
622 2566 849 2618 caeleste
900 2567 1081 2618 lumen
1135 2566 1509 2636 imploremuS,
1565 2582 1669 2635 quo
1723 2566 1778 2617 in
1830 2565 1933 2618 hoc
1972 2565 2207 2619 Concilio
2261 2579 2325 2615 ea
2360 2560 2540 2614 omnia

207 2655 438 2704 statuere
491 2653 795 2720 valeamuS,
832 2669 987 2721 *quae
1041 2652 1109 2704 ad
1163 2669 1499 2705 communem
1551 2653 1713 2705 totius
1763 2653 1949 2723 populi
1996 2651 2270 2704 christiani
2315 2650 2540 2728 salutern

209 2737 629 2807 utilitatemque,
683 2756 746 2791 ac
793 2738 1050 2806 majorem
1099 2738 1388 2791 catholicae
1426 2739 1697 2791 Ecclesiae
1735 2739 1962 2808 gloriam
2015 2744 2068 2791 et
2119 2738 2429 2791 felicitatem
2480 2751 2540 2788 ac

210 2840 398 2893 pacem
434 2825 668 2876 maxime
707 2825 988 2894 pertinent.
1062 2825 1134 2876 Et
1170 2825 1422 2894 quoniam
1462 2829 1793 2895 compertum
1831 2829 1937 2894 est,
1975 2824 2235 2894 gratiores
2272 2823 2390 2876 Deo
2417 2836 2540 2886 ¹esse

209 2908 486 2960 hominum
524 2927 725 2978 preces,
764 2911 808 2962 si
846 2909 1045 2962 mundo
1086 2910 1270 2975 corde,
1309 2910 1410 2963 1100
1450 2915 1529 2963 est
1566 2910 1757 2962 animis
1793 2911 1861 2962 ab
1902 2911 2046 2963 omni
2084 2911 2283 2964 scelere
2319 2909 2540 2981 integris

208 2992 278 3046 ad
314 2994 488 3063 ipsum
526 2995 807 3063 accedant,
858 2995 1047 3048 iccirco
1087 2997 1187 3049 hac
1226 2998 1500 3050 occasione
1539 2998 1791 3050 caelestes
1828 2996 2296 3067 Indulgentiarum
2329 2996 2540 3050 thesau=

209 3096 295 3131 ros
334 3080 717 3150 dispensationi
753 3083 983 3134 Nostrae
1037 3084 1341 3135 commissos
1378 3084 1691 3153 Apostolica
1740 3083 2059 3135 liberalitate
2098 3080 2540 3136 christifidelibus

209 3183 446 3218 reserare
485 3166 878 3236 constituimus,
919 3174 978 3222 ut
1014 3170 1139 3222 inde
1177 3170 1246 3222 ad
1282 3189 1464 3224 veram
1501 3170 1885 3241 poenitentiam
1922 3169 2146 3237 incensi,
2185 3173 2239 3222 et
2274 3184 2371 3238 per
2407 3167 2540 3220 Poe-

210 3251 465 3304 nitentiae
521 3251 922 3307 Sacramentum
969 3275 1000 3308 a
1055 3262 1396 3327 peccatorum
1446 3258 1668 3310 maculis
1721 3256 1955 3326 expiati,
2007 3255 2075 3308 ad
2125 3253 2402 3306 Thronum
2438 3251 2540 3305 Dei

125 3372 128 3377 »
211 3337 457 3389 fidentius
482 3339 754 3409 accedant,
794 3342 1012 3421 ejusque
1047 3344 1465 3396 misericordiam
1503 3347 1893 3413 consequantur
1928 3344 1981 3392 et
2011 3338 2238 3408 gratiam
2261 3337 2318 3389 in
2340 3338 2540 3390 auxilio

215 3431 529 3492 opportuno.
2368 3440 2371 3445 ¹
2482 3431 2502 3444 ’

356 3508 475 3560 Ηο0
514 3510 626 3562 Nos
666 3513 883 3565 consilio
924 3505 1323 3584 Indulgentiam
1371 3514 1440 3568 ad
1487 3515 1653 3566 instar
1693 3514 1729 3567 J
1731 3513 1928 3566 ubllael
1965 3510 2240 3564 Catholico
2282 3509 2415 3564 Orbi
2449 3508 2540 3562 de-

211 3593 541 3646 nunciamus.
618 3596 978 3658 Quamobrem
1017 3600 1083 3653 de
1121 3600 1513 3670 Omnipotentis
1552 3601 1657 3654 Dei
1708 3596 2099 3664 misericordia,
2152 3613 2214 3648 ac
2251 3578 2540 3648 Beatorum

212 3678 359 3730 Petri
398 3685 453 3731 et
487 3680 646 3732 Pauli
682 3683 1063 3753 Apostolorum
1103 3687 1216 3755 ejus
1254 3688 1569 3740 auctoritate
1609 3685 1818 3752 confisi,
1869 3701 1938 3736 ex
1974 3683 2065 3735 illa
2101 3681 2305 3778 ligandi
2342 3688 2403 3735 a'c
2440 3667 2540 3734 sol-

131 3801 138 3811 „
188 3762 374 3814 »vendi
409 3769 690 3834 potestate,
729 3786 887 3837 quam
924 3771 1093 3823 Nobis
1133 3771 1410 3840 DominUS‚
1449 3773 1574 3825 licet
1610 3725 1861 3840 indignis,
1899 3768 2136 3836 contulit,
2179 3767 2442 3821 universis
2479 3782 2540 3844 ac

334 3958 350 3985 ¹
383 3960 428 4002 S.
459 3961 554 4001 Jac.
590 3973 625 4001 c.
660 3963 698 4001 1.
730 3975 773 4002 v.
807 3963 876 4003 17.

329 4029 346 4057 ²
378 4032 574 4086 Sapient.
607 4045 704 4086 cap.
738 4035 775 4073 9.
810 4046 853 4074 v.
885 4035 924 4075 4.
962 4036 1027 4075 10.
