2540 4282
625 109 894 152 Constitutio
926 109 1182 163 dogmatica
1212 107 1266 149 de
1296 107 1409 149 Fide
1439 106 1685 149 catholica.
2233 99 2322 150 173

0 197 58 235 5,-
555 219 558 222 Α

126 255 270 308 Huic
309 254 521 308 divinae
558 250 873 305 revelationi
910 249 1257 303 tribuendum
1297 248 1514 320 quidem
1553 254 1648 318 est,
1686 253 1747 301 ut
1787 266 1866 317 ea,
1905 265 2042 320 quae
2078 248 2135 299 in
2160 247 2328 300 rebusv

0 321 176 422 iiffiinis
214 343 480 394 humanae
516 339 711 392 rationi
764 355 860 408 per
912 353 969 388 se
1020 337 1282 407 impervia
1334 354 1444 389 non
1494 340 1641 404 sunt,
1695 336 1750 387 in
1787 336 2057 406 praesenti
2107 351 2322 404 quoque

1 421 194 495 {oneris
230 427 452 479 humani
492 425 792 478 conditione
830 423 897 475 ab
938 422 1187 475 omnibus
1226 422 1501 492 expedite,
1539 423 1693 476 firma
1725 420 2042 474 certitudine
2082 424 2136 473 et
2172 419 2323 472 nullo

2 498 223 584 {admixto
273 529 452 565 errore
503 510 750 581 cognosci
797 509 1019 579 possint.
1093 509 1216 562 Non
1254 508 1354 561 hac
1390 514 1572 562 tamen
1626 509 1692 561 de
1733 526 1894 562 causa
1930 506 2190 560 revelatio
2229 504 2322 557 ab·

2 585 154 674 fflute
190 599 489 651 necessaria
525 596 750 650 dicenda
789 600 892 662 est,
945 595 1039 648 sed
1092 595 1219 665 quia
1256 594 1404 647 Deus
1459 613 1529 648 ex
1579 582 1786 647 infinita
1824 594 2064 672 bonitate
2103 609 2201 645 sua
2239 609 2322 644 or-

3 684 184 753 [inavit
235 683 507 736 hominem
545 682 614 737 ad
668 683 828 734 finem
868 681 1354 751 supernaturalem,
1411 681 1480 733 ad
1518 680 1888 751 participanda
1941 681 2142 732 scilicet
2178 679 2322 732 bona

3 771 187 839 livina,
239 787 376 840 quae
424 768 692 820 humanae
742 768 935 820 mentis
987 765 1400 836 intelligentiam
1454 768 1669 820 omnino
1720 772 2001 838 superant3
2057 766 2322 838 siquidem

4 858 324 924 mulus-'non
375 854 536 921 vidit,
590 872 690 908 nec
729 855 872 907 auris
923 854 1155 922 audivit,
1208 871 1306 906 nec
1357 854 1414 905 in
1453 872 1542 906 cor
1581 854 1810 907 hominis
1863 855 2126 922 ascendit,
2183 870 2322 924 quae

5 928 324 1015 lraeparavit
360 942 509 995 Deus
547 941 628 1008 iis,
668 941 760 1012 qui
798 941 1029 1011 diligunt
1063 940 1216 992 illum
1231 940 1272 993 ⁶.

124 1031 274 1083 Haec
314 1046 472 1099 porro
526 1027 946 1098 supernaturalis
1003 1028 1286 1096 revelatio,
1341 1028 1633 1081 secundum
1690 1028 2008 1081 universalis
2046 1028 2323 1081 Ecclesiae

6 1117 158 1186 idem,
196 1135 227 1170 a
265 1121 447 1170 sancta
487 1115 802 1167 Tridentina
840 1114 1055 1185 Synodo
1097 1115 1448 1184 declaratam,
1488 1117 1791 1168 continetur
1828 1116 1882 1167 in
1922 1115 2072 1168 libris
2111 1116 2322 1186 scriptis

6 1199 47 1279 lt
72 1205 186 1258 sine
224 1205 419 1274 scripto
459 1202 855 1271 traditionibuS,
894 1221 1030 1272 quae
1069 1202 1233 1272 ipsius
1269 1202 1464 1255 Christi
1504 1221 1594 1256 ore
1633 1203 1699 1256 ab
1740 1203 2014 1275 Apostolis
2055 1207 2322 1272 acceptae,

7 1296 75 1345 tut
122 1290 188 1343 ab
241 1291 369 1360 ipsis
407 1277 681 1360 Apostolis
729 1290 931 1359 Spiritu
979 1291 1173 1343 Sancto
1226 1289 1461 1342 dictante
1510 1291 1662 1360 quasi
1699 1307 1795 1360 per
1847 1308 2037 1342 manus
2076 1290 2322 1357 traditae,

0 1377 54 1437 >sd
87 1395 183 1431 nos
221 1394 398 1447 usque,
427 1381 787 1447 pervenerunt
810 1374 844 1428 ².
921 1375 1027 1436 Qui
1066 1375 1282 1446 quidem
1320 1378 1517 1430 veteris
1565 1383 1618 1431 et
1664 1379 1790 1430 novi
1829 1377 2160 1430 Testamenti
2196 1376 2323 1429 libri

9 1464 176 1537 ntegri
213 1483 333 1518 cum
374 1463 620 1516 omnibus
658 1462 767 1515 suis
791 1462 1049 1533 partibuS,
1087 1467 1248 1533 prout
1273 1464 1329 1516 in
1368 1464 1608 1533 ejusdem
1635 1465 1857 1517 Concilii
1890 1465 2102 1517 decreto
2140 1480 2323 1516 recen·
2392 1534 2394 1536 ¹

0 1556 194 1620 =entur,
243 1556 296 1604 et
344 1552 400 1604 in
450 1550 619 1603 veteri
655 1552 876 1619 vulgata
913 1550 1079 1602 latina
1118 1550 1351 1603 editione
1389 1551 1684 1620 habentur,
1739 1569 1834 1621 pro
1874 1551 2037 1603 sacris
2077 1554 2129 1602 et
2166 1567 2322 1602 cano·
2400 1577 2402 1579 v

12 1634 113 1707 „iscis
164 1637 490 1708 suscipiendi
547 1640 684 1688 sunt.
759 1636 869 1689 Eos
906 1654 1034 1689 vero
1073 1636 1313 1691 Ecclesia
1365 1655 1462 1708 pro
1515 1639 1678 1691 sacris
1731 1643 1782 1690 et
1822 1637 2088 1690 canom'cis
2139 1636 2320 1704 habet,

12 1743 88 1782 on
125 1726 274 1793 ideo,
324 1723 468 1794 quod
505 1724 617 1776 sola
655 1724 888 1775 humana
935 1724 1196 1788 industria
1235 1726 1562 1794 concinnati,
1612 1744 1709 1778 sua
1759 1724 1953 1777 deinde
2002 1725 2323 1777 auctoritate

0 1796 86 1866 iint
133 1811 443 1883 approbati,
492 1827 589 1862 nec
633 1809 755 1862 ideo
801 1810 1108 1879 dumtaxat,
1163 1812 1307 1881 quod
1362 1813 1744 1865 revelationem
1784 1813 1896 1864 sine
1937 1828 2117 1863 errore
2155 1810 2322 1862 conti-

5 1900 168 1969 aeant,
207 1898 313 1951 sed.
339 1901 654 1968 propterea,
693 1897 838 1967 quod
878 1896 1079 1968 Spiritu
1118 1899 1312 1952 Sancto
1351 1900 1645 1970 inspirante
1685 1900 1972 1970 conscripti
2011 1899 2189 1952 Deum
2226 1897 2324 1950 ha-

3 1988 105 2040 ‹ent
146 1987 433 2052 auctorem,
471 1988 632 2054 atque
669 1988 728 2036 ut
763 1985 894 2037 tales
931 1986 1034 2055 ipsi
1064 1983 1337 2039 Ecclesiae
1374 1987 1559 2040 traditi
1596 1992 1734 2040 sunt.

125 2071 390 2134 Quoniam
441 2088 596 2139 verO,
650 2089 786 2141 quae
847 2077 1031 2125 sancta
1094 2073 1407 2127 Tridentina
1462 2073 1710 2144 Synodus
1765 2074 1831 2127 de
1879 2071 2322 2143 interpretatione

8 2158 194 2212 ¹ivinae
235 2156 541 2226 Scripturae
591 2158 659 2210 ad
711 2159 1005 2212 coercenda
1053 2162 1352 2230 petulantia
1400 2163 1618 2233 ingenia
1657 2161 1943 2215 salubriter
1983 2159 2244 2226 decrevit,
2289 2176 2323 2210 a

4 2244 301 2298 iuibusdani
338 2243 644 2296 hominibus
692 2262 856 2314 prave
895 2251 1263 2316 exponuntur,
1300 2248 1441 2316 Nos,
1490 2248 1634 2300 idem
1673 2248 1947 2301 decretum
1986 2249 2322 2313 renovanteS,

4 2347 118 2384 :ano
156 2330 306 2382 illius·
336 2334 571 2382 mentem
612 2348 725 2384 esse
751 2330 1096 2402 declaramus,
1135 2339 1194 2385 ut
1233 2335 1289 2386 in
1326 2335 1487 2388 rebus
1510 2335 1636 2389 fidei
1675 2341 1728 2388 et
1766 2353 1991 2401 morum,
2031 2332 2099 2385 ad
2138 2332 2321 2386 aedifi-

0 2418 242 2482 ationem
300 2415 571 2469 doctrinae
624 2416 959 2470 Christianae
1012 2421 1430 2490 pertinentium,
1485 2423 1530 2474 is
1586 2440 1683 2492 pro
1736 2440 1865 2474 vero
1919 2439 2076 2474 sensu
2134 2437 2317 2472 sacrae

0 2504 290 2574 scripturae
327 2503 609 2557 habendus
648 2506 731 2570 sit,
771 2523 930 2575 quem
967 2508 1140 2559 tenuit
1178 2526 1239 2560 ac
1270 2513 1417 2562 tenet
1444 2508 1640 2561 Sancta
1670 2509 1844 2560 Mater
1871 2507 2129 2574 Ecclesia,
2169 2508 2320 2576 cujus

0 2583 62 2665 ist
92 2588 335 2659 judicare
374 2589 441 2642 de
478 2608 606 2643 vero
646 2609 803 2644 sensu
842 2597 895 2644 et
931 2593 1373 2664 interpretatione
1414 2594 1809 2666 Scripturarum
1859 2597 2191 2661 sanctarum,
2241 2598 2320 2645 at-

3 2694 85 2730 vue
122 2676 243 2729 ideo
282 2677 490 2729 nemini
518 2678 678 2730 licere
729 2683 914 2732 contra
966 2681 1108 2734 hunc
1142 2700 1382 2751 sensum,
1434 2689 1529 2736 aut
1577 2676 1741 2736 etiam
1786 2687 1971 2734 contra
2009 2681 2317 2733 unanimem

0 2758 296 2826 mnsensum
333 2764 558 2816 Patrum
595 2765 766 2835 ipsam
805 2765 1137 2838 Scripturam
1175 2787 1381 2823 sacram
1419 2770 1774 2840 interpretari.

952 2967 1198 3023 CAPUT
1238 2970 1341 3024 ΙΙΙ.

1019 3106 1093 3165 De
1130 3106 1271 3166 Fide.

45 3255 53 3299 ss
130 3239 307 3300 Quum
344 3239 503 3292 homo
542 3258 574 3292 a
597 3239 714 3293 Deo
752 3245 1007 3311 tanquam
1031 3242 1287 3297 Creatore
1325 3249 1378 3297 et
1409 3245 1641 3298 Domino
1681 3263 1777 3297 suo
1816 3250 1961 3298 totus
1995 3246 2317 3318 dependeat,

0 3331 38 3379 tt
60 3328 196 3380 ratio
234 3332 413 3380 creata
438 3330 706 3381 increatae
737 3328 968 3381 Veritati
1005 3331 1217 3399 penitus
1257 3330 1495 3400 subjecta
1534 3333 1615 3400 sit,
1652 3333 1870 3403 plenum
1907 3334 2168 3387 revelanti
2196 3336 2316 3389 Deo

0 3412 283 3472 {itellectus
336 3419 389 3468 et
439 3416 728 3467 voluntatis
789 3415 1104 3481 obsequium
1156 3417 1262 3468 fide
1313 3423 1589 3488 praestare
1641 3424 1903 3472 tenemur.
1977 3422 2134 3474 Hanc
2186 3441 2314 3476 vero

0 3497 158 3568 idem,
198 3518 335 3570 quae
373 3501 637 3554 humanae
674 3502 858 3554 salutis
897 3502 1109 3554 initium
1147 3508 1252 3564 est,
1291 3504 1533 3557 Ecclesia
1572 3506 1832 3558 catholica
1867 3507 2172 3576 profitetur,
2212 3510 2318 3562 vir-

0 3587 154 3643 ntem
192 3603 307 3639 esse
347 3589 830 3657 supernaturalem,
871 3607 1001 3660 qua,
1039 3590 1143 3642 Dei
1181 3592 1449 3660 aspirante
1476 3581 1542 3645 ¹et
1579 3593 1867 3662 adjuvante
1905 3595 2104 3664 gratia,
2144 3596 2211 3648 ab
2252 3615 2316 3650 eo
2356 3599 2363 3602 ”

0 3671 225 3743 Revelata
262 3690 390 3725 vera
428 3691 542 3726 esse
581 3675 870 3744 credimuS,
908 3693 1015 3728 non
1051 3682 1270 3747 propter
1306 3678 1647 3731 intrinsecam
1687 3697 1865 3732 rerum
1902 3681 2187 3734 veritatem
2223 3701 2317 3735 na-

0 3756 146 3831 wu'jali
181 3759 403 3811 rationis
440 3760 640 3814 lumine
676 3767 1036 3831 perspectam,
1085 3764 1178 3816 sed
1217 3769 1435 3835 propter
1473 3766 1845 3853 auctoritatem
1891 3767 2059 3838 ipsius
2096 3768 2201 3820 Dei
2235 3786 2317 3821 re-

0 3883 34 3902 i·-

135 3972 150 3999 ¹
185 3978 222 4017 1.
255 3976 355 4018 Cor.
388 3979 449 4032 II,
482 3980 521 4019 9.
644 3974 662 4002 ²
693 3980 827 4022 Cone.
864 3981 986 4022 Trid.
1019 3995 1129 4023 sess.
1162 3984 1242 4025 IV.
1276 3984 1407 4026 Decr.
1441 3985 1494 4026 de
1527 3984 1634 4026 Can.
1670 3986 1831 4039 Script.
