2540 4282
170 165 229 215 96
610 153 614 156 ’
889 165 1158 208 Constitutio
1188 164 1270 209 SS.
1301 167 1363 213 D.
1387 167 1444 208 N.
1473 167 1547 214 Pii
1575 168 1668 210 PP.
1699 167 1790 209 IX.
1863 224 1869 231 ⁸

169 310 468 380 Apostolici
505 310 690 364 Nostri
727 309 963 362 muneris
1002 325 1115 360 esse
1154 307 1426 376 ducimus,
1478 325 1871 378 quamcumque
1925 308 2257 378 occasionem
2308 304 2477 363 disc?r

170 396 379 449 diarum
417 400 470 449 et
509 396 899 459 dissensionum
954 394 1095 447 circa
1146 394 1458 450 electionem
1509 393 1715 447 Summi
1752 395 2026 450 Pontificis
2075 396 2390 466 praevenire

167 482 489 553 praecidere,
530 484 573 534 si
611 481 842 534 Divinae
879 481 1142 533 voluntati
1180 481 1458 551 placuerit,
1493 479 1623 550 Nos,
1662 481 1853 535 eodem
1884 482 2120 535 Concilio
2159 481 2430 552 perduran
2480 534 2482 536 ,
2530 472 2540 498 ³

175 586 245 622 ex
281 569 381 621 hac
420 569 633 620 mortali
669 568 781 619 vita
820 568 1067 636 migrare.
2435 628 2439 637 β

315 655 655 724 Quapropter
692 654 939 724 exemplo
978 651 1207 722 permoti
1250 651 1340 705 fel.
1393 652 1596 706 record.
1635 653 1769 707 Julii
1804 654 1908 723 II.,
1960 653 2268 708 Decessoris
2303 653 2433 708 No
2482 664 2486 696 ἰ
2528 686 2540 718 3

170 739 237 793 de
254 758 358 811 quo
377 742 708 809 compertum
727 755 796 790 ex
821 738 1045 790 historia
1070 743 1150 792 est
1173 736 1193 770 ¹
1226 743 1469 809 tempore
1493 741 1758 809 generalis
1785 741 2009 794 Concilii
2035 740 2412 795 Lateranensis
2435 740 2507 811 ‘fs

167 827 315 880 letali
353 826 538 878 morbo
579 829 883 896 correptum
923 823 1232 877 Cardinales
1287 841 1467 878 coram
1523 843 1580 878 se
1633 843 1976 894 convocasse,
2031 843 2092 879 ac
2147 825 2214 879 de
2262 824 2455 895 legitin
2533 815 2539 819 Δ

169 912 494 965 Successoris
533 912 628 965 Sui
666 912 925 964 electione
963 911 1251 963 sollicitum
1302 910 1408 963 illis
1447 911 1784 963 adstantibus
1833 912 2094 981 edixisse,
2148 911 2289 965 hanc
2324 929 2447 964 non.
2478 896 2540 957 z*

166 1000 441 1070 praedicto
480 998 735 1067 Concili0,
774 999 867 1051 sed
904 998 970 1051 ab
1010 1014 1198 1050 eorum
1232 1001 1443 1050 tantum
1477 996 1716 1067 Collegio
1757 1014 1871 1051 esse
1908 998 2304 1070 perficiendam,
2340 983 2482 1069 pro

166 1103 354 1156 reapse
384 1085 665 1138 memorati
703 1085 740 1139 J
742 1085 838 1137 ulii
876 1089 1101 1154 sequuta
1146 1087 1318 1135 morte
1354 1083 1556 1136 factum
1592 1083 1756 1135 fuisse
1794 1088 2015 1153 constat,
2055 1088 2216 1154 atque
2254 1100 2447 1153 exemp
2460 1142 2476 1157 ,γ
2530 1087 2540 1151 ᾗ

166 1171 387 1242 insuper
424 1171 645 1225 excitati
682 1171 909 1223 aliorum
947 1169 1302 1222 Decessorum
1339 1170 1660 1222 Nostrorum
1696 1170 1824 1222 item
1861 1170 1947 1223 fel.
1985 1189 2089 1224 rec.
2123 1170 2283 1224 Pauli
2307 1169 2411 1223 III.
2460 1192 2481 1215 τ’
2527 1211 2535 1224 -,

165 1259 254 1312 Ρ11
290 1258 417 1327 IV„
471 1274 701 1328 quorum
748 1255 953 1326 primus
991 1254 1317 1324 Apostolicis
1353 1255 1573 1308 Litteris
1611 1255 1749 1308 datis
1786 1257 1887 1310 III.
1934 1258 2042 1310 kal.
2081 1256 2379 1310 decembris
2426 1279 2432 1301 ι
2463 1279 2505 1322 ¹„
2527 1243 2537 1293 ss

168 1347 351 1413 1544,
408 1345 544 1396 alter
596 1360 724 1396 vero
780 1341 1041 1393 similibus
1078 1340 1296 1392 Litteris
1350 1340 1486 1410 datis
1535 1341 1605 1393 X.
1652 1342 1762 1395 kal.
1813 1344 2045 1401 octobris
2088 1346 2270 1412 1561.‚
2321 1360 2408 1396 cas
2448 1366 2484 1411 g·-
2531 1348 2540 1388 Ξ

166 1432 352 1484 mortis
390 1448 517 1482 suae
555 1427 960 1499 praevidentes,
1014 1444 1136 1478 cum
1175 1426 1493 1480 Tridentina
1530 1425 1780 1497 Synodus
1825 1430 2211 1498 celebraretur,
2258 1428 2538 1482 decrev?⁴

164 1522 319 1586 runt,
359 1514 622 1586 ejusmodi
661 1532 786 1567 casu
824 1518 1134 1565 occurrente
1173 1513 1489 1566 electionem
1525 1514 1652 1566 novi
1689 1513 1968 1567 Pontificis
2006 1515 2220 1567 nonnisi
2257 1532 2304 1567 a.
2343 1515 2396 1569 S.

164 1603 227 1656 E.
267 1603 638 1657 Cardinalibus
691 1618 806 1654 esse
861 1598 1189 1663 faciendam,
1246 1599 1465 1651 exclusa
1512 1617 1730 1669 prorsus
1783 1618 2142 1671 quacumque,
2173 1603 2483 1654 memorat
2512 1587 2537 1658 J·

166 1688 371 1761 Synodi
406 1688 843 1760 participatione:
892 1690 1054 1756 atque
1088 1685 1306 1755 insuper
1347 1686 1413 1738 de
1450 1685 1533 1738 his
1567 1686 1757 1738 habita
1796 1704 1919 1738 cum
1955 1687 2226 1739 nonnullis
2262 1686 2417 1740 Vene
2455 1707 2513 1747 τρ

163 1775 362 1828 bilibus
399 1774 679 1828 Fratribus
718 1773 928 1826 Nostris
982 1770 1223 1840 ejusdem
1277 1770 1328 1823 S.
1381 1771 1447 1824 R.
1495 1772 1558 1824 E.
1607 1772 1983 1825 Cardinalibus
2035 1778 2248 1826 matura
2299 1771 2474 1824 delib·

164 1863 371 1915 ratione
410 1866 463 1915 et
504 1860 749 1930 diligenti
789 1860 1051 1926 examine,
1091 1875 1159 1910 ex
1197 1863 1344 1910 certa
1381 1859 1601 1911 scientia
1637 1858 1851 1927 Nostra,
1888 1864 2040 1911 motu
2075 1859 2293 1929 proprio
2331 1876 2395 1912 ac
2418 1855 2540 1922 ,df

164 1948 507 2020 Apostolicae
545 1946 826 2017 potestatis
864 1943 1197 2016 plenitudine
1236 1944 1586 2014 declaramUS,
1625 1945 1960 1998 decernimus
1999 1949 2159 2015 atque
2190 1945 2475 2015 statuimus
2526 1952 2540 2011 ζ

165 2035 341 2106 quod,
381 2035 426 2087 si
462 2033 726 2104 placuerit
762 2031 911 2101 Dec,
964 2031 1179 2083 mortali
1215 2031 1446 2084 Nostrae
1483 2032 1903 2102 peregrinationi
1947 2031 2222 2102 praedicto
2259 2048 2444 2102 gener
2490 2022 2540 2098 3³„

166 2121 403 2175 Concilio
441 2120 707 2173 Vaticano
746 2118 1101 2189 perdurante,
1153 2119 1315 2171 finem
1351 2119 1625 2189 imponere
1679 2119 1866 2171 electio
1904 2119 2032 2170 novi
2070 2117 2276 2170 Summi
2311 2116 2477 2170 Ponti
2499 2108 2540 2142 ³

164 2208 294 2276 ficis,
330 2207 387 2259 in
426 2205 853 2276 quibuscumque
891 2209 1034 2258 statu
1069 2211 1123 2259 et
1158 2206 1401 2258 terminis
1424 2205 1722 2259 Concilium
1760 2207 1937 2276 ipsum
1975 2205 2247 2274 subsistat,
2283 2204 2531 2267 nonn'-

164 2312 262 2365 per
301 2291 354 2345 S.
392 2292 458 2345 R.
496 2291 559 2344 E.
598 2290 908 2343 Cardinales
956 2291 1072 2343 fieri
1123 2291 1339 2360 debeat,
1387 2292 1607 2346 minime
1652 2309 1781 2344 vero
1830 2310 1927 2363 per
1969 2292 2148 2362 ipsum
2185 2290 2388 2344 Concili
2441 2314 2465 2336 ιε
2494 2286 2532 2356 s

165 2370 327 2451 atque
365 2379 526 2431 etiam
566 2379 782 2430 omnino
823 2378 1053 2430 exclusis
1089 2378 1158 2430 ab
1197 2377 1385 2431 eadem
1424 2379 1679 2431 electione
1698 2379 2024 2448 peragenda
2072 2376 2488 2449 quibuscumqw.

163 2466 282 2519 aliis
337 2465 579 2536 personis
618 2465 879 2533 cujusvis,
930 2465 1056 2517 licet
1104 2465 1272 2535 ipsius
1310 2464 1534 2517 Concilii
1582 2466 1901 2518 auctoritate
1958 2465 2097 2519 forte
2158 2461 2540 2534 deputam-*⁶22²

163 2556 377 2623 praeter
415 2551 725 2604 Cardinales
767 2550 1085 2620 praedictos

311 2638 455 2699 Quin
491 2638 598 2689 imo
636 2641 700 2696 ut
734 2637 791 2688 in
830 2635 1093 2705 ejusmodi
1131 2637 1389 2690 electione
1426 2638 1707 2690 memorati
1737 2637 2063 2704 CardinaleS,
2097 2635 2243 2688 omni
2278 2649 2430 2704 prors

163 2723 548 2794 impedimento
602 2720 853 2772 submoto
909 2725 963 2773 et
1013 2723 1201 2792 quavis
1248 2724 1710 2793 perturbationum
1748 2729 1801 2777 et
1839 2723 2179 2776 dissidiorum
2217 2719 2462 2774 occasion
2490 2715 2496 2785 s

167 2810 405 2872 sublata,
459 2807 679 2859 liberius
734 2811 786 2858 et
842 2808 1146 2878 expeditius
1196 2810 1487 2879 procedere
1540 2814 1764 2879 queant,
1817 2810 1884 2862 de
1935 2809 2124 2862 eadem
2170 2806 2391 2861 scientia
2441 2820 2472 2858 e

165 2895 509 2967 Apostolicae
545 2892 824 2963 potestatis
870 2893 1202 2962 plenitudine
1250 2895 1383 2947 illud
1420 2899 1701 2965 praeterea
1736 2895 2072 2948 decernimus
2109 2899 2270 2965 atque
2307 2889 2494 2945 statui
2518 2891 2540 2947 1

165 3002 301 3052 mUS,
338 2988 413 3051 ut,
449 2983 510 3050 si,
547 2980 817 3077 praedicto
844 2978 1104 3033 Vaticano
1131 2982 1366 3034 Concilio
1393 2982 1734 3052 perdurante,
1770 2982 1884 3035 Nos
1910 2981 2170 3035 decedere
2195 2983 2454 3048 contlgerl

162 3069 307 3121 idem
343 3067 653 3135 Concilium,
691 3066 748 3118 in
787 3066 1210 3137 quibuscumque
1249 3072 1391 3120 statu
1430 3074 1483 3122 et
1518 3068 1758 3122 terminis
1785 3068 1996 3136 existat,
2032 3058 2174 3119 sslico
2213 3069 2266 3118 et
2302 2966 2531 3176 imme}-

165 3154 310 3208 diate
348 3170 664 3224 suspensum
701 3169 763 3204 ac
802 3152 1025 3204 dilatum
1071 3153 1428 3223 intelligatur,
1487 3154 1939 3224 quemadmodum
1974 3163 2080 3224 'per
2120 3150 2346 3207 Nostras
2391 3148 2495 3226 ¹1⁸⁵,
2516 3143 2540 3204 -ξ

162 3241 368 3294 litteras
404 3240 539 3292 illud
587 3256 729 3291 nunc
778 3255 874 3307 pro
918 3242 1047 3311 tunc
1099 3238 1423 3309 suspendere
1475 3246 1634 3310 atque
1679 3240 1736 3292 in
1771 3245 1983 3310 tempus
2018 3237 2157 3301 infra
2193 3233 2499 3288 notandum?
2517 3267 2529 3274 „

168 3326 379 3379 differre
415 3325 771 3392 intendimus,
825 3323 959 3376 adeo
996 3328 1058 3376 ut
1093 3326 1242 3377 nulla
1277 3342 1498 3396 prorsus
1542 3326 1821 3396 interjecta
1855 3343 2006 3379 mora
2051 3339 2259 3377 cessare
2306 3325 2389 3373 sta
2416 3320 2428 3332 '
2467 3383 2469 3385 ¹
2528 3360 2530 3362 ψ

167 3411 360 3464 debeat
399 3429 430 3463 a
467 3412 892 3480 quibuscumque
930 3411 1293 3479 conventibus,
1332 3411 1835 3482 congregationibus
1872 3416 1928 3465 et
1969 3407 2318 3476 sessionibUS,
2364 3410 2418 3460 et

167 3496 442 3567 quibusvis
477 3496 702 3549 decretis
741 3512 838 3548 seu
873 3495 1165 3548 canonibus
1203 3497 1570 3566 conficiendiS,
1623 3516 1721 3551 nec
1769 3498 1837 3551 ob
1886 3497 2327 3568 qualemcumque
2364 3495 2467 3554 ca'u
2519 3494 2535 3511 ⁴·

167 3600 296 3650 sam,
337 3581 542 3633 etiamsi
579 3581 894 3650 gravissima
944 3585 997 3633 et
1046 3580 1263 3651 speciali
1300 3583 1570 3636 mentione
1608 3583 1772 3653 digna
1807 3582 2069 3650 videatur,
2105 3581 2329 3634 ulterius
2363 3593 2462 3648 pro
2490 3594 2491 3598 ’

167 3667 337 3739 gredi,
377 3666 543 3719 donec
579 3684 750 3718 novus
789 3667 1041 3719 Pontifex
1076 3684 1109 3719 a
1138 3666 1300 3719 Sacro
1327 3667 1690 3722 Cardinalium
1719 3668 1958 3739 Collegio
1997 3668 2253 3721 canonice
2285 3663 2398 3719 elec

169 3769 418 3823 suprema
453 3769 550 3803 sua
586 3752 905 3804 auctoritate
943 3752 1167 3805 Concilii
1210 3753 1376 3822 ipsius
1411 3755 1890 3826 reassumptionem
1927 3758 1980 3807 et
2014 3751 2522 3826 prosequutionem}

117 3830 121 3833 ’
169 3837 386 3891 duxerit
421 3831 783 3890 intimandam.
1346 3863 1358 3877 ·
2484 3857 2517 3911 ²3

2488 3927 2514 3968 ,Ξ

289 4025 306 4053 1
336 4023 538 4081 Raynald,
567 4027 727 4069 Annal.
759 4027 927 4069 Eccles.
963 4028 1020 4069 ad
1049 4041 1212 4070 annum
1241 4028 1368 4070 1513.
1399 4029 1454 4071 N.
1485 4030 1591 4073 VII.
2367 4043 2370 4046 ⁴
2492 4021 2540 4069 ‘AE
