2540 4282
0 0 14 80 1'

797 95 1065 138 Constitutio
1097 94 1303 148 Gregorii
1341 95 1433 136 ΡΡ.
1465 93 1574 135 XV.
2295 85 2353 136 99

0 209 200 305 sslfuorit,
246 245 296 290 et
329 258 359 290 a
390 241 537 290 nobis
573 240 928 303 approbatum,
963 242 1018 286 ut
1050 237 1171 286 illud
1205 253 1315 285 cum
1351 235 1578 285 omnibus
1614 239 1664 284 et
1696 235 1902 299 singulis
1935 235 1988 283 in
2021 250 2079 284 eo
2112 237 2354 286 contentis

0 322 373 390 pfinviolabiliter
397 323 703 380 observetur,
739 335 802 367 ex
835 320 990 368 nestri
1019 318 1288 382 pastoralis
1314 316 1460 365 officii
1484 314 1650 364 debito
1674 314 2033 378 providendum
2059 315 2353 364 censuimus.

0 418 4 419 ⁷
37 417 49 438 ι’
83 438 85 440 .

702 499 857 547 Tener
891 505 1048 546 autem
1080 498 1213 544 >illius
1246 502 1312 545 est
1342 498 1425 559 qui
1455 496 1681 558 sequitur.

1017 613 1361 655 caeremoniale.

46 780 51 785 p
153 719 379 775 Romano
410 724 653 773 Pontifice
686 725 794 772 vita
827 723 1022 783 funct0,
1068 720 1368 780 cardinales,
1417 719 1659 783 praestito
1694 719 1745 767 in
1778 719 1938 781 prima
1971 723 2359 786 congregatione

0 807 305 871 ‘juramento
341 804 403 852 de
437 804 753 852 observanda
777 801 1143 852 Constitutione
1167 799 1395 863 Gregorii
1415 799 1591 862 Papae
1612 798 1724 846 XV.
1761 798 1823 847 de
1855 799 2206 850 reformatione
2240 818 2358 852 con-

0 885 212 947 ffclavis,
262 899 363 932 una
397 898 508 931 cum
543 882 651 930 aliis
686 880 1150 942 constitutionibus,
1197 893 1326 943 quae
1366 878 1468 942 legi
1511 881 1559 926 et
1601 878 1761 940 jurari
1791 878 1845 925 in
1876 893 1935 926 ea
1966 879 2208 931 hactenus
2239 898 2359 932 con-

0 956 4 1014 ζ
26 966 308 1025 sueverunt,
346 962 582 1025 exequias
608 977 699 1025 pro
726 963 833 1024 ejus
858 961 1038 1022 anima,
1067 960 1219 1022 juxta
1242 958 1392 1005 ritum
1414 957 1674 1021 hucusque
1697 958 2033 1021 observatum,
2066 976 2157 1023 per
2178 977 2359 1011 novem

0 1042 287 1094 'continuos
323 1041 426 1088 dies
460 1041 624 1089 facere
656 1041 862 1100 debent3
912 1038 1008 1086 nisi
1054 1038 1183 1086 forte
1211 1037 1390 1101 inillis
1422 1051 1604 1085 novem
1637 1036 1814 1085 diebus
1848 1024 2051 1101 aliquod
2082 1039 2263 1089 festum
2297 1058 2362 1092 ex

0 1112 304 1186 'praecipuis
337 1124 386 1169 et
419 1120 613 1182 magnis
646 1119 911 1181 incideret,
961 1120 1166 1181 propter
1214 1117 1356 1179 cujus
1400 1115 1771 1165 observantiam
1821 1117 2057 1180 exequias
2101 1119 2362 1171 intermitti

24 1201 207 1251 ‘debere
240 1199 574 1249 cardinalibus
609 1200 884 1260 videretur3
933 1198 1029 1246 hoc
1078 1197 1208 1244 enim
1253 1211 1372 1244 casu
1403 1195 1456 1243 in
1488 1209 1694 1244 numero
1731 1195 1929 1260 quidem
1957 1211 2139 1246 novem
2173 1199 2362 1249 dierum

27 1281 345 1344 exequiarum
376 1279 767 1327 intermissarum
803 1278 906 1326 dies
942 1279 1319 1340 computantur:
1371 1280 1559 1323 verum*
1591 1275 1842 1338 impensa,
1891 1292 2021 1339 quae
2067 1278 2119 1326 in
2170 1281 2361 1330 omissis

29 1360 247 1423 exequiis
281 1358 506 1407 facienda
541 1361 698 1419 esset,
749 1357 800 1405 in
834 1370 1079 1419 pauperes
1116 1354 1300 1403 Christi
1329 1355 1479 1417 juxta
1511 1354 1589 1402 Pii
1621 1355 1711 1403 IV.
1749 1354 2164 1406 Constitutionem
2199 1359 2364 1408 distri-

27 1440 227 1491 buenda
262 1443 352 1487 est.

159 1521 273 1578 Qua
307 1521 454 1568 etiam
492 1517 876 1578 Constitutione,
912 1519 968 1563 ut
1002 1515 1323 1578 exequiarum
1355 1514 1614 1578 impensis,
1665 1529 1796 1578 quae
1837 1515 1945 1578 jam
1987 1516 2039 1564 in
2071 1516 2364 1567 immensum

28 1596 366 1660 excreverant,
401 1597 577 1646 modus
614 1599 663 1643 et
696 1595 807 1642 finis
840 1594 1020 1658 aliquis
1054 1596 1198 1655 esset,
1237 1596 1439 1640 cautum
1475 1596 1565 1655 est,
1600 1608 1664 1640 ne
1685 1593 1939 1657 impensae
1961 1595 2158 1644 illorum
2183 1612 2364 1647 novem

30 1678 217 1735 dierum
251 1678 419 1726 decem
450 1677 742 1724 ducatorum
776 1675 983 1723 millium
1018 1688 1282 1735 summam,
1325 1673 1621 1736 computatis
1657 1673 1910 1736 omnibus,
1945 1679 2145 1737 praeter
2175 1678 2366 1741 regalia

27 1752 219 1821 Populo
255 1758 480 1806 Romano
516 1755 760 1819 praestari
792 1754 955 1816 solita,
991 1753 1300 1814 excederent,
1335 1755 1384 1799 et
1417 1754 1475 1798 ut
1507 1766 1679 1799 earum
1711 1751 2046 1814 impensarum
2081 1754 2365 1806 distributio
2394 1786 2412 1793 x

25 1835 160 1898 juste
194 1835 348 1897 fieret,
383 1834 542 1882 tribus
578 1848 640 1880 ex
672 1832 1035 1895 antiquioribus
1071 1831 1431 1892 cardinalibus,
1482 1831 1569 1878 uni
1603 1830 1789 1879 scilicet
1823 1846 1887 1880 ex
1919 1832 2143 1895 quolibet
2177 1835 2364 1899 ordine,

31 1929 90 1965 ac
125 1914 269 1963 S..R.
305 1915 364 1962 Ε.
402 1913 671 1961 camerario
709 1912 971 1960 commissa
1000 1911 1109 1959 fuit.

0 2056 2 2058 v
158 1993 397 2057 Exequiis
431 1992 652 2040 defuncti
683 1992 941 2039 Pontificis
977 1991 1258 2054 completiS,
1310 1994 1361 2039 et
1402 1991 1597 2038 interim
1632 1991 1859 2039 conclavi
1892 1997 2176 2056 opportuno
2221 2010 2365 2058 prae·

31 2076 234 2135 parato,
271 2072 556 2128 ,cardinales
591 2072 642 2118 in
676 2071 881 2119 basilica
916 2071 1075 2118 sancti
1108 2071 1270 2129 Petri,
1317 2070 1399 2117 vel
1429 2069 1547 2117 alibi
1579 2085 1670 2133 pro
1705 2071 1940 2133 temporis
1976 2075 2026 2120 et
2057 2073 2155 2121 loci
2183 2090 2391 2139 oppor--

33 2152 247 2199 tunitate
282 2151 607 2212 conveniunt,
642 2150 728 2198 ubi
761 2165 851 2213 per
885 2150 1125 2198 decanum
1159 2151 1287 2197 sacri
1321 2149 1542 2212 collegii,
1574 2149 1670 2210 vel,
1707 2164 1764 2197 eo
1794 2149 2059 2214 impedito,
2094 2168 2184 2216 per
2217 2155 2367 2204 alium

35 2246 98 2278 ex
129 2230 488 2294 antiquioribus
525 2229 858 2277 cardinalibus
891 2230 1045 2277 missa
1079 2229 1140 2276 de
1171 2229 1357 2292 Spiritu
1392 2229 1579 2278 Sancto
1613 2229 1914 2292 celebratur,
1962 2234 2011 2279 et
2053 2232 2106 2279 in
2147 2232 2246 2282 fine
2277 2251 2369 2298 per

33 2309 248 2372 aliquem
282 2310 559 2371 praelatum
606 2312 691 2356 aut
724 2308 874 2355 alium
908 2308 1071 2356 virum
1106 2309 1334 2369 doctum,
1384 2308 1599 2356 habetur
1634 2309 1822 2371 oratio,
1866 2309 1919 2357 in
1952 2326 2052 2373 qua
2083 2317 2366 2377 monentur,

34 2392 89 2443 ut
107 2389 351 2454 &sepositis
376 2388 606 2435 omnibus
630 2387 836 2450 privatis
862 2386 1140 2449 affectibus,
1175 2389 1333 2435 solum
1356 2388 1519 2435 Deum
1541 2402 1663 2451 prae
1687 2388 1842 2436 oculis
1875 2388 2131 2452 habentes,
2166 2396 2370 2442 sanctae

33 2469 289 2517 Romanae
325 2471 373 2515 et
405 2467 678 2515 universali
706 2466 958 2514 Ecclesiae
991 2466 1053 2513 de
1085 2466 1293 2513 Pastore
1338 2466 1600 2515 sufficienti
1634 2471 1684 2515 et
1715 2467 1895 2516 idoneo
1929 2468 2193 2531 providere
2234 2472 2368 2521 omni

37 2562 135 2610 qua
164 2549 374 2610 possunt
407 2547 652 2594 brevitate
698 2560 757 2592 ac
801 2545 1054 2608 diligentia
1103 2548 1303 2606 curent,
1355 2546 1419 2594 ad
1454 2547 1844 2610 apostolicarum
1877 2549 2287 2600 constitutionum
2317 2555 2370 2600 et

35 2641 290 2675 sacrorum
324 2626 645 2674 conciliorum
677 2625 1051 2686 praescriptum.
1210 2625 1213 2629 '

24 2688 27 2691 “
163 2706 237 2753 Re
268 2705 437 2752 divina
469 2709 685 2768 peracta,
721 2705 925 2752 clericus
956 2704 1375 2753 caeremoniarum
1402 2706 1534 2768 capit
1558 2721 1753 2754 crucem
1777 2707 2010 2769 papalem
2044 2710 2095 2756 et
2127 2710 2366 2774 procedit,

38 2801 186 2849 quam
221 2785 492 2833 cardinales
525 2787 812 2848 sequuntur,
850 2785 1068 2847 episcopi
1101 2785 1328 2847 primum,
1366 2785 1543 2832 deinde
1568 2786 1859 2849 presbyteri,
1894 2790 2145 2849 postremo
2170 2789 2369 2839 diaconi

24 2851 149 2913 scum
179 2863 281 2911 suis
317 2863 485 2924 cappis
509 2863 742 2911 violaceis
762 2879 772 2910 :
810 2878 1004 2911 crucem
1027 2865 1328 2927 praecedunt
1350 2864 1614 2913 familiares
1639 2866 1978 2929 cardinalium,
2015 2871 2065 2915 et
2086 2868 2367 2918 immediate

38 2947 262 2991 cantores
287 2942 524 3004 hymnum
556 2942 674 2990 Veni
698 2943 900 2991 Creator
922 2943 1138 3004 Spiritus
1162 2948 1445 3006 cantantes3
1478 2948 1595 3007 post
1628 2945 1901 2994 cardinales
1925 2951 2201 3010 sequuntur
2222 2965 2368 3012 prae-

24 3005 149 3083 lati,
202 3024 355 3084 atque
387 3021 460 3069 ita
491 3022 922 3084 processionaliter
954 3024 1301 3086 procedentes,
1353 3024 1590 3072 conclave
1628 3024 1995 3089 ingrediuntur,
2045 3031 2094 3075 et
2142 3044 2254 3076 cum
2301 3029 2367 3078 ad

40 3100 278 3162 capellam
313 3100 644 3163 pervenerint,
682 3093 1006 3153 cardinalium
1038 3103 1253 3160 decanus
1288 3103 1423 3166 apud
1457 3103 1612 3152 altare
1646 3104 1764 3151 dicit
1799 3106 2072 3154 orationem
2099 3106 2249 3170 Deus,
2286 3110 2371 3172 qui

41 3180 454 3242 cordassfidelium,
507 3196 606 3243 qua
638 3180 780 3228 finita
811 3180 1042 3244 leguntur
1076 3187 1124 3230 et
1148 3185 1386 3245 jurantur
1423 3198 1511 3246 per
1556 3183 1826 3231 cardinales
1877 3185 2255 3234 constitutiones
2305 3187 2369 3236 de

40 3259 251 3306 Romani
284 3259 539 3306 Pontificis
575 3259 812 3306 electione
847 3264 895 3308 et
940 3278 1041 3310 una
1090 3279 1202 3310 cum
1238 3263 1306 3310 eis
1343 3262 1646 3310 Constitutio
1696 3263 1968 3311 novissima
1997 3264 2225 3328 Gregorii
2252 3267 2365 3316 XV.

40 3337 232 3384 Deinde
266 3337 554 3399 cardinales,
589 3341 704 3400 post
738 3354 1012 3388 sermonem
1040 3342 1268 3389 habitum
1300 3356 1390 3404 per
1422 3341 1680 3403 decanum,
1715 3356 1813 3404 quo
1849 3356 1932 3390 eos
1957 3344 2368 3395 convenientibus

28 3414 209 3482 jerbis
244 3415 307 3463 ad
341 3417 592 3464 electionis
626 3418 881 3479 negotium
914 3420 1007 3466 rite
1041 3424 1091 3467 et
1124 3423 1257 3468 recte
1290 3419 1626 3482 peragendum
1658 3420 1916 3483 hortatur,
1952 3422 2016 3469 ad
2050 3423 2198 3485 cellas
2231 3429 2369 3474 sorte

28 3494 170 3551 ,inter
204 3509 288 3542 eos
315 3495 465 3556 juxta
495 3494 908 3562 Constitutionem
941 3497 1020 3545 Pii
1052 3498 1139 3545 IV.
1176 3497 1465 3546 distributas
1516 3498 1799 3561 divertunt,
1851 3503 1899 3547 et
1940 3504 2057 3563 post
2103 3503 2366 3565 prandium

45 3587 212 3622 omnes
245 3588 414 3620 rursus
450 3573 594 3620 simul
629 3579 1019 3639 congregantur3
1055 3575 1288 3626 officiales
1324 3577 1571 3626 conclavis
1607 3581 1655 3625 et
1689 3578 1773 3626 alii
1805 3584 2062 3642 praestant
2097 3596 2239 3630 sacro
2266 3583 2366 3632 col-

41 3635 169 3714 legio
198 3652 485 3713 juramenta
517 3656 769 3701 consueta.

38 3725 40 3729 ⁴
176 3729 461 3778 Cardinales
497 3735 662 3780 autem
694 3732 906 3795 ingressi
939 3733 1175 3780 conclave
1208 3749 1308 3781 non
1343 3737 1521 3783 exeant
1551 3749 1754 3797 vespere
1780 3738 2041 3799 reversuri,
2077 3740 2163 3787 sed
2186 3741 2237 3788 in
2259 3741 2368 3804 ipso

49 3809 246 3863 omnino
280 3813 618 3872 permaneant.
686 3812 957 3874 Ipsumque
993 3812 1254 3875 conclave,
1305 3816 1418 3875 post
1467 3815 1543 3859 ter
1570 3813 1718 3873 jussu
1752 3814 2014 3863 cardinalis
2049 3815 2223 3865 decani
2255 3822 2368 3882 per-

15 3935 19 3938 .
49 3891 273 3935 conatam
307 3889 682 3951 campanulam,
717 3891 942 3938 videlicet
974 3891 1133 3953 prima
1164 3891 1272 3939 vice
1307 3892 1436 3939 circa
1469 3891 1677 3954 primam
1710 3892 1883 3941 horam
1916 3895 2101 3957 noctiS,
2152 3897 2370 3945 secunda

51 3964 180 4014 circa
209 3966 490 4027 secundam,
527 3970 575 4014 et
599 3968 748 4016 tertia
771 3968 902 4015 circa
926 3969 1139 4030 tertiam,
1176 3970 1388 4017 exclusis
1413 3970 1657 4031 omnibus,
1690 3971 1774 4033 qui
1796 3971 1847 4019 in
1870 3973 2092 4020 conclavi
2114 3988 2369 4023 remanere

1880 4053 1905 4091 Ἰ
1922 4049 1950 4076 ³12

2116 4180 2146 4215 0
