2540 4282
2315 0 2319 6 ,
2350 0 2378 40 ²¹-
2406 0 2480 44 21'3172-

2307 125 2314 136 c
2365 135 2368 144 Ι
2418 103 2428 109 *
2486 131 2489 133 -
2522 119 2540 137 τ’

2499 160 2538 191 ’fg-¹.

2474 204 2479 213 Γ

158 316 460 381 temporum
498 313 673 362 motus
712 315 764 362 et
801 308 1255 379 perturbationeS,
1305 307 1499 377 quibus
1537 325 1721 360 omnes
1760 309 1871 360 fere
1907 310 2094 379 populi
2130 287 2526 376 miserandum?

162 398 216 448 in
253 395 474 448 modum
511 396 782 465 agitantur
819 398 873 446 et
909 392 1237 462 affliguntur.
2509 388 2526 416 ¹*

307 482 667 543 Quamobrem
706 481 743 531 ii
783 497 994 546 omneS,
1024 484 1135 546 >qui
1173 479 1445 533 Ecclesiae
1495 482 1784 534 catholicae
1832 486 2085 535 unitatem
2141 487 2192 535 ct
2223 483 2519 537 vcrz‘tat‘cm⁴

160 586 270 621 non
306 572 488 621 tenent
519 565 564 634 ¹,
614 565 946 618 occasionem
983 565 1371 634 amplectantur
1406 566 1566 635 hujus
1605 567 1844 635 Concilii,
1883 585 1988 637 quo
2026 552 2268 621 Ecclesia
2303 567 2501 621 Catho-

161 654 296 722 lica,
352 654 437 705 cui
476 670 659 705 eorum
698 652 930 720 Majores
966 651 1222 722 adscripti
1261 656 1441 719 erant,
1494 671 1694 705 novum
1731 653 1949 706 intimae
1986 654 2206 706 unitatis
2257 659 2310 707 et
2348 655 2501 708 inex·

163 739 468 810 pugnabilis
506 738 683 790 vitalis
723 738 805 789 sui
847 737 1053 789 roboris
1108 738 1327 791 exhibet
1381 744 1786 808 argumentum,
1839 757 1901 791 ac
1949 740 2259 809 indigentiis
2312 742 2529 793 eorum'

164 826 338 879 cordis
375 823 756 894 respondentes
795 823 863 876 ab
903 842 965 876 eo
1006 829 1148 876 statu
1187 843 1242 877 se
1281 826 1487 895 eripere
1525 826 1789 893 studeant,
1827 827 1883 878 in
1922 844 2026 896 quo
2067 826 2132 878 de
2159 844 2255 878 sua
2281 824 2502 896 propria

162 914 332 965 salute
368 911 539 964 securi
578 927 692 964 esse
730 929 838 963 non
875 916 1112 982 possunt.
1186 912 1300 965 Nec
1340 912 1585 965 desinant
1628 912 2046 965 ferventissimas
2095 913 2500 965 miserationum

162 999 392 1051 Domino
436 998 626 1050 offerre
664 1015 879 1066 preceS,
932 1002 991 1048 ut
1030 997 1305 1049 divisionis
1342 1016 1557 1049 murum
1611 997 1868 1067 disjiciat,
1921 1016 2162 1052 errorum
2215 999 2519 1069 caliginem⁴⁴

163 1084 411 1154 depellat,
450 1101 647 1154 eosque
684 1083 753 1136 ad
791 1084 966 1135 sinum
1005 1089 1216 1136 sanctae
1253 1083 1441 1136 Matris
1479 1085 1751 1137 Ecclesiae
1788 1085 2032 1154 reducat,
2071 1086 2127 1137 in
2166 1103 2272 1155 qua
2309 1101 2519 1139 eorum.

162 1172 389 1239 majores
426 1170 680 1224 salutaria
717 1170 859 1222 vitae
896 1187 1094 1239 pascua
1131 1169 1398 1238 habuere,
1453 1175 1505 1222 et
1557 1171 1613 1222 in
1666 1189 1772 1240 qua
1826 1172 2000 1233 solum
2052 1173 2263 1242 integra
2290 1170 2534 1223 Christi·

163 1257 198 1310 J
202 1275 297 1310 esu
332 1257 572 1310 doctrina
611 1261 875 1323 servatur,
917 1256 1162 1323 traditur,
1202 1261 1255 1308 et
1293 1256 1534 1309 caelestis
1570 1258 1779 1326 gratiae
1817 1257 2193 1328 dispensantur
2229 1256 2503 1327 mysteria.

306 1345 420 1398 Nos
459 1344 674 1414 quidem
711 1361 831 1394 cum
871 1360 940 1395 ex
979 1343 1213 1411 supremi
1252 1341 1552 1412 Apostolici
1578 1341 1763 1394 Nostri
1801 1343 2082 1396 ministerii
2121 1343 2293 1396 officio
2327 1341 2504 1406 Nobis

164 1431 232 1485 ab
270 1432 385 1501 ipso
412 1429 623 1482 Christo
650 1430 881 1481 Domino
922 1430 1201 1481 commisso
1242 1446 1424 1482 omnes
1467 1429 1593 1482 boni
1631 1430 1859 1499 pastoris
1897 1434 2076 1499 partes
2114 1428 2502 1483 studiosissime

165 1518 408 1587 explere,
463 1521 514 1568 et
555 1533 737 1568 omnes
776 1515 1011 1567 universi
1047 1519 1311 1567 terrarum
1352 1514 1495 1567 orbis
1533 1515 1778 1568 homines
1821 1522 2044 1586 paterna
2083 1515 2342 1568 charitate
2378 1530 2501 1585 pro-

158 1604 314 1674 sequi
354 1609 405 1655 et
444 1602 691 1672 amplecti
731 1601 1035 1668 debeamUS,
1074 1608 1187 1653 tum
1226 1601 1322 1654 has
1347 1602 1398 1654 N
1403 1607 1570 1654 ostras
1607 1602 1676 1653 ad
1714 1620 1895 1654 omnes
1930 1602 2246 1655 christianos
2274 1600 2504 1655 aNobis

164 1690 428 1758 sejunctos
465 1689 696 1740 Litteras
736 1687 938 1755 damuS,
979 1687 1173 1758 quibus
1213 1705 1301 1740 eos
1342 1687 1503 1740 etiam
1541 1691 1702 1757 atque
1741 1689 1900 1740 etiam
1938 1689 2217 1740 hortamur
2258 1693 2310 1740 et
2350 1687 2502 1741 obse-

164 1794 403 1842 cramuS,
441 1780 500 1827 ut
538 1774 607 1826 ad
647 1774 863 1826 unicum
900 1773 1097 1826 Christi
1137 1775 1276 1826 ovile
1311 1773 1487 1826 redire
1523 1774 1799 1842 festinent,
1840 1774 2275 1844 quandoquidem
2314 1791 2528 1830 eorum,-

163 1863 219 1914 in
257 1862 467 1915 Christo
507 1861 542 1914 J
548 1878 641 1913 esu
679 1862 905 1912 salutem
943 1878 1012 1912 ex
1060 1861 1238 1912 animo
1292 1878 1630 1930 summopere
1685 1864 1962 1930 optamuS,
2019 1877 2080 1912 ac
2131 1853 2380 1913 timemus
2431 1876 2540 1932 ne,

166 1949 339 2002 eidem
377 1949 573 2001 Nostro
614 1947 797 2000 Judici
833 1947 968 1999 ratio
1008 1964 1040 1998 a
1072 1947 1242 1999 Nobis
1281 1947 1569 2017 aliquando
1609 1948 1676 1999 sit
1714 1946 2018 2015 reddenda,
2057 1948 2186 2016 nisi,
2237 1932 2525 2017 quantum⁸

164 2035 221 2087 in
258 2034 427 2086 Nobis
467 2038 575 2097 est,
628 2034 756 2103 ipsis
810 2034 1151 2086 ostendamus
1209 2039 1261 2086 et
1313 2035 1615 2086 muniamus
1652 2034 1795 2085 viam
1832 2033 1902 2086 ad
1941 2033 2184 2086 eamdem
2224 2036 2502 2086 aeternam

165 2120 556 2191 assequendam
593 2121 833 2173 salutem.
907 2119 974 2171 In
1014 2120 1157 2171 omni
1197 2124 1338 2172 certe
1378 2121 1616 2172 oratione
1657 2125 1709 2172 et
1748 2120 2145 2187 obsecratione,
2205 2137 2325 2171 cum
2379 2135 2522 2187 gra-⁴

164 2208 362 2259 tiarum
411 2207 618 2259 actione
668 2223 943 2274 nunquam
996 2206 1299 2258 desistimus
1352 2205 1464 2258 dies
1492 2210 1807 2275 *noctesque
1859 2224 1956 2276 pro
2010 2207 2139 2276 ipsis
2190 2203 2501 2259 caelestium

161 163 220 214 58
377 194 383 202 ·
753 167 952 208 Litterae
982 167 1270 221 Apostolicae
1302 165 1383 208 SS.
1415 167 1473 207 D.
1504 166 1560 207 N.
1593 166 1665 207 Pii
1695 166 1786 207 PP.
1818 167 1903 208 IX.

83 2327 86 2331 Δ
165 2293 427 2348 luminum
466 2299 517 2345 et
555 2294 848 2362 gratiarum
887 2292 1270 2345 abundantiam
1309 2293 1375 2345 ab
1409 2298 1624 2345 aeterno
1654 2294 1951 2345 animarum
1979 2293 2203 2344 Pastore
2228 2290 2540 2364 humiliter-

167 2380 432 2448 enixeque
471 2396 774 2448 exposcere.
831 2382 900 2434 Et
940 2380 1190 2449 quoniam
1228 2379 1484 2431 vicariam
1507 2379 1636 2448 Ejus
1674 2379 1761 2430 hic
1799 2380 1854 2430 in
1890 2379 2047 2430 terris
2083 2378 2207 2429 licet
2232 2376 2502 2435 immerito
2535 2429 2540 2434 ,

167 2465 403 2534 gerimus
442 2483 688 2536 operam,
739 2468 928 2520 iccirco
968 2468 1258 2520 errantium
1296 2467 1525 2518 filiorum
1563 2466 1632 2517 ad
1672 2465 1963 2517 catholicae
2002 2464 2275 2516 Ecclesiae
2323 2479 2535 2515 rever-1

166 2552 370 2604 sionem
409 2553 657 2623 expansis
694 2554 941 2606 manibus
978 2553 1347 2605 ardentissime
1387 2556 1774 2621 exspectamuS,
1811 2555 1872 2603 ut
1911 2569 2001 2603 eos
2037 2551 2093 2602 in
2132 2549 2374 2603 caelestis
2397 2548 2502 2600 Pa-

166 2638 264 2690 tris
302 2638 518 2690 domum
567 2640 927 2692 amantissime
965 2640 1214 2709 excipere
1253 2642 1306 2691 et
1343 2637 1678 2690 inexhaustis
1716 2638 1830 2705 ejus
1869 2636 2134 2688 thesauris
2173 2635 2344 2687 ditare
2381 2633 2502 2704 pos·
2532 2706 2536 2711 .

169 2724 348 2777 simus
405 2725 618 2779 Etenim
657 2745 726 2778 ex
762 2726 863 2778 hoc
903 2727 1231 2796 optatissimo
1270 2724 1339 2777 ad
1377 2724 1618 2776 veritatis
1657 2728 1710 2775 et
1745 2723 2131 2776 communionis
2163 2740 2284 2773 cum
2321 2721 2506 2774 catho-

167 2811 271 2864 lica
307 2812 545 2864 Ecclesia
582 2811 758 2862 reditu
809 2829 917 2863 non
970 2811 1142 2862 solum
1193 2810 1556 2878 singulorum,
1610 2807 1703 2860 sed
1755 2809 1919 2859 totius
1969 2808 2131 2860 etiam
2181 2806 2534 2875 christianae,

169 2898 436 2950 societatis
475 2897 617 2948 salus
654 2897 886 2948 maxime
923 2896 1137 2966 pendet,
1176 2900 1229 2947 et
1264 2895 1544 2947 universus
1581 2894 1812 2947 mundus
1846 2912 1975 2947 vera
2008 2912 2140 2965 pace
2165 2882 2368 2964 perfrui
2392 2907 2501 2944 non

168 2988 359 3055 potest,
398 2983 500 3034 nisi
535 2984 628 3034 fiat
664 2999 831 3034 unum
869 2983 1007 3034 ovile
1045 2987 1098 3034 et
1135 2998 1274 3033 unus
1311 2986 1504 3049 pastor.
2483 2978 2537 3010 ’Ᾰ

312 3070 515 3122 Datum
551 3068 758 3120 Romae
795 3068 939 3137 apud
977 3068 1028 3120 S.
1052 3067 1288 3135 Petrum,
1330 3068 1415 3120 die
1457 3070 1537 3120 13.
1564 3068 1878 3137 septembris
1923 3070 2074 3121 1868.
2148 3060 2503 3165 Pontificatus

171 3156 354 3209 Nostri
392 3172 531 3207 anno
569 3155 1003 3224 vigesimotertio.

294 3377 309 3404 ¹
341 3379 385 3420 S.
418 3380 611 3434 August.
643 3381 727 3434 Ep.
758 3381 902 3433 LXI.,
937 3381 989 3420 al.
1026 3379 1287 3421 CCXXIII.
