2540 4282
0 56 19 88 ι
51 51 92 94 ,ω’
134 76 137 78 -

782 76 1052 140 Go'nstitutio
1084 95 1164 139 ss.
1196 96 1251 136 n.
1283 95 1337 136 N.
1370 95 1442 136 Pii
1471 93 1562 134 PP.
1595 93 1682 135 1x.
2341 85 2400 137 83

1 280 21 297 2
44 262 191 301 eum
228 261 382 311 vero,
433 242 524 312 qui
563 241 703 294 bona
741 241 845 293 fide
885 259 916 293 a
954 239 1206 310 quopiam
1242 255 1428 291 eorum
1467 242 1546 290 est
1585 234 1886 304 ordinatus,
1942 234 2257 305 exercitium
2293 251 2401 288 non

44 331 265 386 “habere
305 329 504 383 ordinis
543 329 618 380 sic
655 326 905 397 suscepti,
948 326 1116 378 donec
1155 324 1504 394 dispensetur,
1545 322 1890 374 declaramus,

3 411 6 414 ⁴
210 419 256 469 7.
295 416 486 469 Clerici
523 414 821 466 saeculares
861 412 1034 464 exteri
1069 411 1210 462 ultra
1241 413 1470 478 quatuor
1498 426 1706 461 menses
1734 409 1788 460 in
1815 406 1965 460 Urbe
1994 412 2401 477 commoranteS,

11 568 14 571 p
49 503 298 564 ,ordinati
337 502 405 555 ab
445 502 548 554 alio
590 518 750 570 quam
788 498 855 550 ab
903 498 1018 567 ipso
1067 513 1162 548 suo
1203 494 1486 548 Ordinario
1535 495 1738 564 absque
1790 493 2004 546 licentia
2043 493 2198 547 Card.
2237 493 2401 548 Urbis

3 570 298 661 '1⁷2Vicarii,
350 589 437 640 vel
493 587 694 656 absque
746 585 962 654 praevio
1018 581 1264 635 examine
1317 579 1496 632 c'oram
1549 579 1739 631 eodem
1791 582 2007 648 peracto
2045 579 2133 631 vel
2172 579 2334 632 etiam
2370 597 2404 633 a

5 693 19 731 ,⁴
38 699 45 732 ·,
67 675 282 748 proprio
323 673 629 740 OrdinariO,
681 676 1032 741 posteaquam
1067 669 1123 719 in
1159 666 1435 737 praedicto
1490 666 1735 718 examine
1774 665 1958 733 rejecti
2005 665 2228 736 fuerint,
2282 684 2404 720 nec-

5 769 17 828 [
66 778 174 814 non
215 760 391 813 clerici
429 759 756 830 pertinentes
810 755 877 808 ad
931 756 1165 825 aliquem
1220 764 1248 806 e
1301 770 1397 804 sex
1433 750 1845 821 Episcopatibus
1898 751 2305 822 suburbicariis,
2360 754 2407 806 si

62 846 381 901 *ordinentur
421 849 574 897 extra
613 861 762 895 suam
815 842 1126 907 dioecesim,
1181 836 1622 890 dimissorialibus
1674 837 1757 888 sui
1795 836 2068 890 Ordinarii
2118 838 2189 891 ad
2242 840 2406 893 ali-um

7 914 15 925 ἵ
52 931 283 996 directis
322 949 482 1002 quam
521 931 591 983 ad
630 929 787 982 Card.
826 928 990 981 Urbis
1029 926 1336 993 Vicarium3
1390 924 1477 976 vel
1514 940 1622 975 non
1661 923 1964 992 praemissis
2002 928 2125 979 ante
2164 925 2406 980 ordinem

7 1016 18 1072 s⁴
69 1035 278 1070 sacrum
331 1016 729 1087 suscipiendum
769 1014 1037 1068 exercitiis
1076 1010 1442 1083 spiritualibus
1482 1026 1575 1079 per
1614 1007 1800 1060 decem
1853 1008 1967 1062 dies
2014 1011 2070 1062 in
2124 1012 2281 1066 domo
2317 1031 2407 1068 ur-

8 1123 12 1126 ·
72 1103 208 1156 bana
246 1104 595 1157 Sacerdotum
650 1122 681 1155 a
728 1102 983 1165 Missione
1034 1101 1487 1167 nuncupatorum,
1549 1096 1951 1165 suspensionem
2003 1097 2071 1150 ab
2129 1087 2406 1155 ordinibus

9 1182 17 1201 ³
69 1191 144 1242 sic
183 1190 440 1261 susceptis
478 1189 545 1242 ad
585 1188 978 1259 beneplacitum
1018 1186 1068 1238 S.
1110 1183 1262 1237 Sedis
1299 1184 1415 1253 ipso
1446 1183 1569 1251 jure
1623 1182 1926 1252 incurrunt,
1977 1182 2230 1257 Episcopi
2278 1205 2406 1261 vero

34 1260 376 1333 {ordinantes
415 1278 483 1330 ab
521 1294 623 1328 usu
660 1274 1055 1328 Pontificalium
1093 1289 1189 1342 per
1228 1288 1441 1323 annum.

632 1526 952 1586 Interdicta
997 1523 1149 1582 latae
1193 1522 1498 1581 sententiae
1541 1526 1845 1580 reservata.

215 1715 263 1766 1.
298 1709 648 1766 In‘terdictum
686 1711 930 1764 Romano
969 1711 1222 1764 Pontifici
1259 1710 1476 1780 speciali
1524 1708 1684 1761 modo
1737 1709 2071 1759 reservatum
2121 1707 2236 1777 ipso
2284 1708 2407 1777 jure
2466 1772 2468 1774 ‚

67 1801 347 1853 incurrunt
383 1799 800 1866 UniversitateS,
856 1798 1095 1867 Collegia
1134 1800 1187 1849 et
1224 1795 1497 1865 Capitula,
1550 1810 1885 1865 quocumque
1937 1792 2152 1846 nomine
2205 1799 2409 1846 nuncu-'
2461 1824 2466 1829 ·

0 1939 1 1948 ,
68 1891 293 1957 pentur,
345 1885 413 1938 ab
470 1885 893 1938 ordinationibus
946 1902 1042 1936 seu
1097 1883 1364 1936 mandatis
1418 1881 1658 1951 ejusdem
1703 1879 1935 1932 Romani
1981 1879 2257 1934 Pontificis
2310 1899 2406 1952 pro

48 1976 307 2042 tempore
346 1971 622 2036 existentis
661 1970 727 2022 ad
768 1970 1070 2023 universale
1107 1970 1347 2022 futurum
1386 1968 1682 2021 Concilium
1721 1960 2063 2036 appellantia.

212 2061 261 2111 2.
303 2055 542 2110 Scienter
580 2057 910 2110 celebrantes
949 2057 1035 2110 vel
1073 2055 1334 2123 celebrari
1372 2055 1628 2107 facientes
1682 2053 1864 2106 divina
1916 2053 1973 2105 in
2024 2054 2154 2106 locis
2197 2054 2270 2107 ab
2310 2054 2409 2108 Or-

0 2194 1 2197 ,
67 2144 305 2211 dinariO,
355 2145 440 2196 vel
479 2143 724 2212 delegato
756 2144 963 2213 judice,
1002 2144 1088 2195 vel
1127 2161 1157 2195 a
1187 2143 1310 2211 jure
1347 2140 1672 2208 interdictiS,
1712 2145 1806 2192 aut
1842 2139 2159 2192 nominatim
2197 2158 2410 2194 excom-

28 2263 31 2266 <
68 2230 365 2294 municatos
404 2229 471 2281 ad
511 2229 690 2282 divina
731 2231 919 2293 officia,
960 2247 1055 2281 seu
1094 2228 1456 2282 ecclesiastica
1481 2227 1842 2295 Sacramenta,
1881 2227 1967 2279 vel
1996 2227 2409 2282 ecclesiasticam

67 2311 398 2386 sepulturam
445 2316 811 2384 admittentes,
866 2316 1208 2369 interdictum
1261 2316 1328 2368 ab
1385 2317 1631 2384 ingressu
1668 2313 1939 2367 Ecclesiae
1990 2315 2105 2384 ipso
2151 2315 2274 2383 jure
2316 2316 2409 2389 ,in-

0 2395 2 2402 ’
69 2407 306 2471 currunt,
346 2403 515 2455 donec
554 2404 622 2456 ad
661 2403 941 2456 arbitrium
981 2403 1109 2472 ejuS,
1151 2403 1299 2471 cujus
1339 2402 1656 2455 sententiam
1694 2404 2150 2479 contempserunt,
2200 2418 2410 2472 compe-

0 2508 3 2511 ’
70 2495 245 2544 tenter
284 2490 650 2561 satisfecerint.
2051 2536 2054 2538 .

0 2567 2 2575 ’
213 2577 460 2647 Denique
513 2563 874 2674 quoscumque
928 2578 1058 2629 alios
1112 2579 1508 2630 sacrosanctum
1545 2572 1842 2626 Concilium
1894 2573 2245 2627 tridentinum
2299 2593 2410 2628 sus-

29 2659 36 2668 '
69 2681 262 2734 pensos
299 2668 393 2715 aut
428 2663 739 2716 interdictos
777 2664 891 2733 ipso
923 2664 1045 2732 jure
1085 2681 1198 2716 esse
1240 2662 1504 2730 decrevit,
1557 2661 1670 2715 Nos
1723 2660 1840 2731 pari
1876 2659 2036 2713 modo
2074 2661 2409 2731 suspensioni

71 2750 159 2803 vel
194 2749 477 2802 interdicto
519 2750 735 2803 eosdem
775 2750 1037 2802 obnoxios
1078 2767 1192 2801 esse
1231 2750 1477 2802 volumus
1517 2751 1570 2800 et
1609 2747 1958 2800 declaramus.

216 2835 368 2896 Quae
405 2853 531 2888 vero
566 2853 820 2888 censurae
874 2836 986 2888 sive
1036 2818 1631 2902 excommunicationis,
1683 2834 1794 2885 sive
1849 2834 2242 2903 suspensionis,
2296 2835 2408 2890 sive

1 2914 4 2918 ’
54 2921 340 2987 ,interdicti
377 2920 587 2973 Nostris
625 2926 716 2973 aut
754 2922 1238 2975 Praedecessorum
1275 2920 1596 2973 Nostrorum
1634 2919 2146 2988 ConstitutionibUS,
2199 2925 2291 2973 aut
2328 2938 2409 2974 sa-

68 3010 175 3061 cris
214 3008 506 3061 canonibus
543 3012 752 3077 praeter
793 3026 905 3077 eas,
962 3026 1092 3078 quas
1130 3007 1526 3072 recensuimus,
1578 3007 1718 3059 latae
1762 3009 1914 3073 sunt,
1953 3009 2112 3075 atque
2150 3006 2407 3060 hactenus

73 3095 129 3147 in
168 3113 263 3147 suo
303 3095 489 3164 vigore
526 3094 871 3164 perstiterunt
909 3095 1020 3146 sive
1059 3112 1154 3164 pro
1193 3093 1258 3146 R.
1283 3093 1558 3146 Pontificis
1598 3091 1872 3165 electione,
1913 3091 2024 3144 sive
2062 3109 2159 3161 pro
2197 3094 2406 3147 interno

4 3224 10 3226 ψ
73 3182 334 3250 regimine
397 3197 852 3251 quorumcumque
909 3180 1173 3233 Ordinum
1224 3185 1276 3233 et
1324 3179 1699 3231 Institutorum
1752 3177 2150 3247 Regularium,
2199 3196 2407 3232 necnon

75 3283 530 3336 quorumcumque
568 3266 943 3334 Collegiorum,
984 3266 1490 3336 Congregationum,
1529 3268 1776 3318 coetuum
1814 3264 2162 3334 locorumque
2195 3248 2406 3362 piorum

39 3354 456 3423 &cujuscumque
492 3354 720 3406 nominis
759 3357 851 3404 aut
889 3355 1099 3422 generis
1139 3353 1273 3420 sint,
1327 3370 1416 3404 eas
1456 3369 1638 3404 omnes
1676 3352 1854 3403 firmas
1901 3367 2042 3418 esse,
2097 3355 2149 3402 et
2199 3352 2256 3404 in
2309 3369 2404 3405 suo

74 3438 267 3502 robore
306 3456 616 3508 permanere
654 3440 899 3493 volumus
939 3444 991 3491 et
1030 3394 1374 3491 declaramus.

219 3523 470 3577 Ceterum
502 3524 864 3592 ‘decernimuffi
918 3524 974 3576 in
1023 3523 1175 3575 novis
1214 3523 1637 3594 quibuscumque
1670 3522 2095 3575 concessionibus
2148 3541 2208 3576 00
2246 3523 2406 3594 Ριίνίἐ

10 3613 13 3615 ’
72 3610 257 3679 legiis,
312 3629 448 3681 quae
500 3611 567 3673 ab
606 3611 920 3682 Apostolica
959 3608 1096 3663 Sede
1136 3610 1352 3663 concedi
1391 3609 1558 3661 cuivis
1599 3608 1909 3677 contigerit,
1961 3610 2107 3662 nullo
2146 3610 2305 3663 modo
2343 3628 2406 3663 ac

46 3698 283 3751 .1·atione
335 3698 562 3768 intelligi
613 3717 850 3768 unquam
904 3696 1128 3765 debere,
1182 3702 1274 3749 aut
1328 3715 1484 3767 posse
1538 3696 1916 3766 comprehendi
1966 3696 2276 3749 facultatem
2311 3696 2406 3749 ab-

74 3783 318 3846 solvendi
355 3801 387 3836 a
424 3785 634 3837 casibus
673 3790 725 3837 et
764 3785 999 3837 censuris
1041 3783 1365 3853 quibuslibet
1401 3782 1644 3857 Romano
1678 3781 1929 3834 Pontifici
1965 3783 2266 3850 reservatis,
2302 3783 2405 3835 nisi

2 3879 7 3882 ’
81 3867 148 3921 de
185 3869 249 3921 iis
286 3869 545 3939 formalis,
599 3871 850 3940 explicita
901 3888 961 3922 ac
998 3869 1276 3931 individua
1312 3869 1509 3922 mentio
1548 3868 1689 3920 facta
1724 3867 1910 3920 fuerit:
1960 3885 2096 3937 quae
2134 3886 2261 3922 vero
2299 3868 2405 3938 pri-

80 3954 276 4025 vilegia
313 3960 406 4008 aut
442 3956 736 4025 facultates,
776 3958 887 4010 sive
925 3975 956 4009 a
993 3956 1501 4009 Praedecessoribus
1539 3955 1779 4022 Nostris,
1819 3955 1931 4007 sive
1970 3956 2129 4008 etiam
2167 3973 2199 4007 a
2234 3954 2416 4029 Nobis⁸
2489 3967 2492 3970 ’

1905 4038 1975 4081 6³58
