2540 4282
2299 0 2314 12 f
2339 3 2350 22 1
2387 0 2540 152 ’,ἸΨἿ

165 148 227 199 34
796 136 797 139 “
864 147 1064 188 Litterae
1093 146 1416 200 Episcoporum
1446 147 1797 198 quingentorum.
2470 199 2475 207 Ι
2526 153 2540 222 ἐ

169 295 492 348 (101111111011111
530 308 750 363 gregem
787 290 843 341 in
880 289 968 340 via
995 287 1182 339 salutis
1208 301 1438 354 servare,
1480 291 1663 338 contra
1689 285 2025 348 seductiones
2051 288 2245 340 erroris
2270 288 2499 357 munire,

168 387 352 435 contra
388 381 499 432 vim
544 377 842 449 potentium
895 379 948 425 et
997 373 1254 424 falsorum
1307 373 1608 442 sapientum
1659 373 1912 424 astutiam
1962 374 2104 426 tueri
2155 374 2373 427 adnisus
2425 391 2498 427 es.
2538 422 2540 427 .

167 467 513 521 Admiramur
551 463 785 516 studium
821 459 955 511 illud
992 459 1207 528 fatigari
1245 459 1500 524 nescium,
1539 475 1643 527 quo
1685 458 2046 510 emolumenta
2081 461 2362 514 universae
2398 461 2501 514 Ec·
2536 503 2540 509 .

167 553 390 620 clesiae,
442 530 731 620 apostolica
780 545 1116 618 providentia
1157 545 1390 598 Orientis
1444 549 1495 596 et
1535 544 1838 597 Occidentis
1891 546 2118 614 populos
2170 547 2499 644 compleXUS,

167 654 496 732 promovere·
519 651 789 703 nunquam
830 625 1094 684 destitisti.
1169 631 1517 684 Admiramur
1553 631 1896 700 magnificum
1932 631 2092 698 illud,
2132 632 2276 702 quod
2312 633 2501 703 'generi
2538 655 2540 658 ·

169 725 447 777 hominum
482 723 538 774 in
573 721 727 790 peJ'us
766 707 1004 815 quotidie
1042 718 1219 770 ruenti
1243 717 1482 769 Pastoris
1520 717 1647 769 boni
1685 718 2046 787 spectaculum
2080 717 2332 787 exhibes,
2357 719 2498 790 ipso·

166 829 286 864 rum
323 810 483 862 etiam
520 806 760 859 veritatis
796 805 1133 857 inimicorum
1171 804 1376 855 animos
1414 804 1733 873 percellens,
1774 804 2059 874 oculosque
2099 802 2167 856 ad
2205 822 2261 859 se
2297 805 2386 896 vel
2420 804 2500 857 in-
2534 805 2537 812 ’

167 897 305 949 vitos
343 897 459 964 ipsa
496 909 676 944 rerum
714 891 1042 961 praestantia
1082 894 1133 941 et
1173 890 1432 960 dignitate
1469 894 1799 941 convertens,

308 981 483 1050 Perge
520 979 686 1048 igitur
722 977 1009 1030 Pastorum
1046 977 1286 1028 Pastoris
1322 975 1520 1028 vicaria
1558 980 1821 1044 potestate
1868 976 2128 1047 fungenS,
2186 975 2355 1029 divini
2393 936 2500 1027 Tui
2533 972 2540 978 ’

164 1063 400 1120 muneris
437 1068 616 1135 partes
653 1064 770 1116 Deo
811 1063 1039 1115 confisus
1076 1063 1241 1131 tueri,
1294 1079 1458 1132 perge
1510 1062 1651 1114 vitae
1702 1066 1951 1115 aeternae
1988 1062 2240 1115 subsidiis
2276 1078 2498 1132 pascere

166 1153 291 1206 Tibi
326 1152 555 1205 creditas
594 1169 743 1219 oves3
782 1166 948 1220 perge
986 1166 1174 1200 sanare
1215 1149 1557 1200 contritiones
1583 1148 1766 1216 Israel,
1807 1153 1858 1200 et
1897 1167 2065 1218 agnos
2103 1148 2300 1201 Christi
2336 1148 2529 1218 quae-2

163 1257 284 1293 rere
321 1239 413 1309 qui
449 1238 734 1308 perierant.
808 1236 976 1314 Fax*
1007 1235 1156 1287 Deus
1196 1234 1578 1303 Omnipotens,
1617 1239 1702 1301 ut,
1741 1235 1834 1304 qui
1870 1236 2064 1287 amoris
2105 1236 2210 1288 Tui
2236 1239 2296 1288 'et
2337 1235 2510 1289 officii*

165 1327 250 1379 sui
284 1327 620 1378 immemores
658 1324 777 1377 voci
816 1323 967 1375 Tuae
1005 1321 1182 1374 adhuc
1219 1322 1501 1387 resistunt,
1558 1321 1781 1372 meliora
1828 1322 1995 1373 secuti
2044 1322 2281 1375 001181113.
2311 1321 2381 1374 ad
2419 1322 2498 1387 Te

163 1412 381 1466 tandem
416 1391 702 1463 redeuntes
752 1411 957 1461 luctum
996 1408 1174 1459 Tuum
1226 1408 1282 1458 in
1336 1406 1593 1476 gaudium
1640 1411 1968 1460 convertant.
2044 1407 2283 1460 Tuarum
2318 1412 2498 1478 pasto·
2536 1438 2540 1440 ·

138 1500 358 1552 rralium
397 1514 643 1551 curarum
679 1495 900 1563 fructus,
941 1483 1123 1547 divina
1153 1493 1486 1563 benignitate
1512 1493 1835 1564 adspirante,
1874 1495 2261 1547 incrementum
2286 1494 2498 1569 capiant

163 1586 222 1638 in
257 1584 396 1652 dies,
433 1582 565 1635 felix
603 1583 903 1635 animarum
942 1581 1234 1647 conversiO,
1274 1598 1434 1650 quam
1457 1579 1607 1632 Deus
1632 1579 1710 1632 Te
1749 1579 2059 1658 administro
2100 1582 2338 1650 quotidie
2374 1594 2498 1651 ope·
2524 1595 2540 1598 ’

164 1675 331 1738 ratur,
367 1669 538 1738 magis
576 1668 854 1737 magisque
893 1667 1269 1736 amplificetur,
1311 1665 1502 1735 Tuque
1539 1667 1798 1719 virtutum
1827 1666 2066 1719 Tuarum
2104 1667 2158 1719 vi
2185 1672 2238 1719 et
2263 1666 2496 1751 glorioso

163 1756 408 1809 laborum
445 1771 691 1807 successu
729 1754 1008 1805 animabus
1048 1754 1258 1806 Christo
1298 1753 1611 1821 lucrifactis,
1663 1754 1990 1823 prolatisque
2038 1754 2192 1823 regni
2230 1754 2343 1822 ejus
2379 1752 2497 1806 fini-

164 1842 283 1910 bus,
319 1859 441 1894 cum
476 1840 709 1894 Domino
749 1845 802 1892 et
833 1839 1090 1909 Magistro
1129 1824 1256 1892 vere
1296 1841 1595 1893 exclamare
1632 1841 1828 1911 possis:
1876 1840 2052 1907 Omne,
2091 1843 2226 1908 quod
2254 1842 2348 1894 dat
2367 1841 2498 1894 mihi

167 1930 335 1996 Pater,
373 1931 445 1982 ad
475 1942 563 1980 ‘me
600 1931 780 1981 veniet.
2269 1931 2273 1935 ·

305 2014 458 2066 Η300
494 2014 684 2080 11111110,
722 2013 1038 2065 Beatissime
1075 2013 1263 2082 Pater,
1314 2015 1560 2066 salutaris
1599 2014 1944 2066 acfelicioris
1982 2014 2101 2065 aevi
2137 2012 2335 2067 indicia
2373 2032 2496 2068 con-

164 2099 470 2170 spiciuntur.
545 2101 719 2153 Testis
756 2117 905 2152 amor
943 2099 1050 2166 ille,
1090 2117 1249 2169 quem
1288 2106 1599 2153 cunctarum
1638 2102 1915 2153 nationum
1952 2101 2135 2153 fideles
2173 2100 2243 2152 ad
2274 2101 2494 2170 quaevis

163 2203 262 2256 pro
288 2187 365 2239 Te
404 2186 726 2239 exantlanda
763 2186 939 2257 parati
977 2191 1409 2255 commonstrant,
1450 2187 1577 2238 dum
1614 2188 1756 2239 vires
1794 2187 2029 2256 corporis
2062 2191 2115 2238 et
2141 2186 2306 2238 animi
2331 2191 2525 2259 atque

163 2271 299 2324 adeo
337 2273 502 2325 vitam
539 2274 710 2343 ipsam
746 2291 843 2343 pro
883 2272 1154 2325 Ecclesiae
1183 2274 1397 2341 juribus
1451 2277 1503 2325 et
1542 2274 1886 2343 Apostolicae
1925 2272 2076 2326 Sedis
2126 2272 2299 2341 gloria
2343 2272 2494 2337 adse-

163 2356 330 2410 renda
368 2359 677 2429 impendere
715 2377 777 2412 ac
816 2359 994 2411 dicare
1032 2360 1283 2428 gestiunt.
1361 2359 1535 2412 Testis
1573 2376 1741 2428 prona
1788 2359 1880 2411 illa
1930 2356 2310 2411 catholicarum
2347 2376 2494 2412 men·

163 2445 299 2498 tium
332 2447 649 2515 reverentia,
687 2463 826 2516 quae
865 2446 943 2498 Te
981 2463 1288 2515 supremum
1327 2446 1606 2498 Pastorem
1640 2445 1832 2514 cupide
1869 2445 2133 2508 intuetur,
2173 2463 2310 2515 quae
2345 2439 2496 2516 ΑΡο-Δ
2535 2513 2538 2516 ⁴

165 2532 382 2584 stolicae
419 2532 716 2585 Cathedrae
757 2533 972 2585 oracula
1024 2533 1288 2584 laetanter
1327 2532 1555 2602 excipit,
1609 2532 1780 2601 iisque
1833 2532 2130 2584 firmissimo
2169 2531 2399 2597 adsensu
2437 2536 2492 2584 et

166 2618 420 2687 obsequio
461 2618 752 2671 adhaerere
790 2619 1065 2688 gloriatur.
1129 2619 1303 2671 Testis
1341 2619 1433 2671 illa
1470 2619 1646 2671 filialis
1686 2619 1849 2671 animi
1874 2617 2094 2686 indoleS,
2134 2636 2238 2688 qua
2261 2620 2491 2689 populus

165 2703 495 2759 Christianus
535 2706 758 2775 vestigia
794 2705 1033 2757 fidelium
1070 2723 1325 2774 sequens,
1380 2705 1472 2775 qui
1525 2706 1651 2757 olim
1689 2704 1758 2757 ad
1796 2705 1959 2774 pedes
1996 2703 2378 2774 Apostolorum
2414 2706 2492 2761 fa·
2527 2714 2537 2775 f

168 2790 390 2843 cultates
429 2809 549 2843 suas
587 2797 774 2860 sponte
814 2791 1150 2859 deferebant,
1200 2809 1381 2843 rerum
1421 2792 1659 2844 Tuarum
1697 2792 1956 2861 angustiis
1994 2791 2270 2861 hucusque
2308 2809 2491 2844 occur-

166 2876 238 2928 rit
289 2880 342 2928 et
384 2878 713 2929 continenter
752 2895 840 2929 eas
879 2877 1160 2929 sublevare
1197 2894 1305 2928 non
1343 2877 1551 2930 desinit.
1626 2877 1778 2930 Haec
1815 2878 1988 2929 filialis
2026 2882 2344 2947 argumenta
2368 2876 2524 2948 *pion

166 2962 291 3014 tatis
326 2963 512 3014 intimo
551 2968 765 3032 pectore
803 2964 1051 3015 commoti
1089 2964 1384 3034 cernimus,
1436 2981 1709 3033 nunquam
1747 2981 1854 3015 non
1903 2981 2118 3032 operam
2171 2963 2376 3031 daturi,
2429 2967 2491 3016 ut

169 3065 317 3100 sacer
352 3049 439 3100 1110
475 3050 613 3119 ignis
651 3051 706 3100 in
742 3049 990 3101 cordibus
1028 3049 1266 3101 fidelium
1305 3067 1554 3102 accensus
1592 3050 1834 3102 foveatur
1873 3054 1926 3101 et
1951 3051 2146 3119 vigeat,
2183 3055 2348 3118 utque
2373 3052 2488 3102 tum
2530 3055 2532 3057 ’

167 3138 346 3187 nostro
384 3139 500 3187 tum
540 3136 665 3188 cleri
701 3137 864 3187 totius
915 3137 1160 3205 exemplo
1201 3137 1419 3188 animati
1459 3154 1639 3188 omnes
1688 3137 2016 3205 praeclaram
2063 3136 2209 3187 illam
2246 3135 2491 3188 volunta-

168 3224 277 3271 tem
313 3239 373 3273 ac
409 3221 784 3274 liberalitatem
808 3222 1121 3292 provehant,
1163 3223 1394 3292 Tibique
1420 3223 1490 3275 ad
1520 3228 1791 3274 aeternam
1819 3239 2001 3274 eorum
2028 3222 2254 3273 salutem
2279 3215 2488 3290 plenius

169 3306 557 3375 procurandam
594 3308 908 3377 temporalia
945 3308 1254 3376 adjumenta
1290 3308 1645 3378 suppeditent.
1706 3352 1712 3356 .

315 3391 420 3452 Qui
457 3397 635 3445 autem
670 3393 907 3446 fidelium
943 3395 1181 3446 omnium
1218 3413 1348 3464 erga
1374 3395 1453 3447 Te
1490 3395 1689 3464 pietate
1726 3398 2002 3463 tantopere
2033 3368 2309 3462 afficimur,
2349 3352 2487 3446 Bea-

169 3477 371 3529 tissime
395 3478 572 3546 Pater,
607 3481 887 3548 peculiaris
926 3481 1109 3550 gaudii
1144 3481 1375 3534 fructum
1415 3482 1668 3551 capimus·
1690 3499 1760 3534 ex
1797 3481 1888 3532 illa
1924 3477 2044 3546 fide,
2084 3495 2152 3530 ex
2190 3479 2281 3530 illo
2307 3495 2486 3531 amore

172 3566 226 3615 et
263 3563 544 3631 obsequi0,
602 3582 705 3633 quo
760 3566 907 3635 digni
959 3572 1207 3619 aeternae
1245 3567 1409 3619 Urbis
1463 3568 1604 3620 cives
1643 3567 1720 3618 Te
1756 3566 2004 3632 Patrem,
2064 3564 2141 3616 Te
2178 3564 2486 3634 Principem

170 3646 690 3717 indulgentissimum
741 3653 1179 3720 complectuntur.
1266 3653 1501 3705 Felicem
1556 3652 1814 3722 populum
1869 3667 1930 3702 ac
1981 3667 2106 3701 vere
2159 3650 2485 3720 sapientem!

172 3732 264 3802 qui
299 3734 474 3802 novit,
510 3751 645 3803 quae
683 3735 783 3786 sibi
820 3737 1113 3806 amplitudo
1153 3743 1206 3790 et
1242 3738 1414 3807 gloria
1452 3756 1522 3790 ex
1557 3737 1706 3789 Petri
1744 3734 1883 3788 Sede
1918 3735 1975 3787 in
2012 3735 2161 3787 Urbe
2199 3735 2486 3788 constituta
2511 3770 2526 3774 ’ψ

170 3818 467 3891 proveniat,
502 3819 593 3888 qui
629 3820 892 3889 intelligit,
929 3840 1037 3874 non
1074 3822 1206 3875 alios
1242 3824 1496 3874 terminos
1534 3822 1745 3874 divinae
1783 3838 1912 3890 erga
1949 3837 2004 3872 se
2042 3820 2359 3891 benignitati
2394 3820 2484 3874 de·
2526 3891 2529 3894 ‚

171 3895 347 3957 finitos
381 3903 511 3971 fore,
549 3921 710 3973 quam
747 3923 878 3974 quos
915 3908 1029 3976 ipse
1067 3907 1168 3959 sibi
1205 3908 1261 3959 in
1298 3926 1394 3961 sua
1433 3926 1562 3978 erga
1598 3907 1797 3959 Christi
1833 3905 2110 3958 Vicarium
2149 3906 2486 3960 observantia
2535 3966 2538 3970 ⁴

173 3993 228 4043 et
261 3989 318 4043 in
353 3990 655 4059 Principem
696 3989 1121 4044 Sacratissimum
1157 4010 1336 4046 amore
1377 3993 1723 4047 constituerit.
1795 3991 1946 4044 Haec
1984 3993 2310 4062 concupisce,
2350 3993 2483 4046 haec
